%YAML 1.1
%TAG !u! tag:unity3d.com,2011:
--- !u!1 &737997930402080801
GameObject:
  m_ObjectHideFlags: 0
  m_CorrespondingSourceObject: {fileID: 0}
  m_PrefabInstance: {fileID: 0}
  m_PrefabAsset: {fileID: 0}
  serializedVersion: 6
  m_Component:
  - component: {fileID: 6465172922347460463}
  - component: {fileID: 3643364717063959928}
  - component: {fileID: 4443862394498545784}
  m_Layer: 5
  m_Name: Box Row
  m_TagString: Untagged
  m_Icon: {fileID: 0}
  m_NavMeshLayer: 0
  m_StaticEditorFlags: 0
  m_IsActive: 1
--- !u!224 &6465172922347460463
RectTransform:
  m_ObjectHideFlags: 0
  m_CorrespondingSourceObject: {fileID: 0}
  m_PrefabInstance: {fileID: 0}
  m_PrefabAsset: {fileID: 0}
  m_GameObject: {fileID: 737997930402080801}
  m_LocalRotation: {x: 0, y: 0, z: 0, w: 1}
  m_LocalPosition: {x: 0, y: 0, z: 0}
  m_LocalScale: {x: 1, y: 1, z: 1}
  m_Children:
  - {fileID: 6720956076063067289}
  m_Father: {fileID: 7096437158336251186}
  m_RootOrder: 0
  m_LocalEulerAnglesHint: {x: 0, y: 0, z: 0}
  m_AnchorMin: {x: 0.5, y: 1}
  m_AnchorMax: {x: 0.5, y: 1}
  m_AnchoredPosition: {x: 0, y: 0}
  m_SizeDelta: {x: 216, y: 64}
  m_Pivot: {x: 0.5, y: 1}
--- !u!222 &3643364717063959928
CanvasRenderer:
  m_ObjectHideFlags: 0
  m_CorrespondingSourceObject: {fileID: 0}
  m_PrefabInstance: {fileID: 0}
  m_PrefabAsset: {fileID: 0}
  m_GameObject: {fileID: 737997930402080801}
  m_CullTransparentMesh: 0
--- !u!114 &4443862394498545784
MonoBehaviour:
  m_ObjectHideFlags: 0
  m_CorrespondingSourceObject: {fileID: 0}
  m_PrefabInstance: {fileID: 0}
  m_PrefabAsset: {fileID: 0}
  m_GameObject: {fileID: 737997930402080801}
  m_Enabled: 1
  m_EditorHideFlags: 0
  m_Script: {fileID: 11500000, guid: fe87c0e1cc204ed48ad3b37840f39efc, type: 3}
  m_Name: 
  m_EditorClassIdentifier: 
  m_Material: {fileID: 0}
  m_Color: {r: 1, g: 1, b: 1, a: 1}
  m_RaycastTarget: 1
  m_Maskable: 1
  m_OnCullStateChanged:
    m_PersistentCalls:
      m_Calls: []
  m_Sprite: {fileID: 21300000, guid: 9c916a05c38168449b36681c08b2b0e1, type: 3}
  m_Type: 0
  m_PreserveAspect: 1
  m_FillCenter: 1
  m_FillMethod: 4
  m_FillAmount: 1
  m_FillClockwise: 1
  m_FillOrigin: 0
  m_UseSpriteMesh: 0
  m_PixelsPerUnitMultiplier: 1
--- !u!1 &5920500530385750741
GameObject:
  m_ObjectHideFlags: 0
  m_CorrespondingSourceObject: {fileID: 0}
  m_PrefabInstance: {fileID: 0}
  m_PrefabAsset: {fileID: 0}
  serializedVersion: 6
  m_Component:
  - component: {fileID: 6720956076063067289}
  - component: {fileID: 3762090549877077021}
  m_Layer: 5
  m_Name: Icons Container
  m_TagString: Untagged
  m_Icon: {fileID: 0}
  m_NavMeshLayer: 0
  m_StaticEditorFlags: 0
  m_IsActive: 1
--- !u!224 &6720956076063067289
RectTransform:
  m_ObjectHideFlags: 0
  m_CorrespondingSourceObject: {fileID: 0}
  m_PrefabInstance: {fileID: 0}
  m_PrefabAsset: {fileID: 0}
  m_GameObject: {fileID: 5920500530385750741}
  m_LocalRotation: {x: 0, y: 0, z: 0, w: 1}
  m_LocalPosition: {x: 0, y: 0, z: 0}
  m_LocalScale: {x: 1, y: 1, z: 1}
  m_Children:
  - {fileID: 6393379881695987413}
  - {fileID: 8136926501962104009}
  - {fileID: 2108468156461760233}
  - {fileID: 8928090168709248798}
  - {fileID: 862539768703388242}
  m_Father: {fileID: 6465172922347460463}
  m_RootOrder: 0
  m_LocalEulerAnglesHint: {x: 0, y: 0, z: 0}
  m_AnchorMin: {x: 0, y: 0}
  m_AnchorMax: {x: 1, y: 1}
  m_AnchoredPosition: {x: 0, y: 0}
  m_SizeDelta: {x: 0, y: 0}
  m_Pivot: {x: 0.5, y: 0.5}
--- !u!114 &3762090549877077021
MonoBehaviour:
  m_ObjectHideFlags: 0
  m_CorrespondingSourceObject: {fileID: 0}
  m_PrefabInstance: {fileID: 0}
  m_PrefabAsset: {fileID: 0}
  m_GameObject: {fileID: 5920500530385750741}
  m_Enabled: 1
  m_EditorHideFlags: 0
  m_Script: {fileID: 11500000, guid: 30649d3a9faa99c48a7b1166b86bf2a0, type: 3}
  m_Name: 
  m_EditorClassIdentifier: 
  m_Padding:
    m_Left: 2
    m_Right: -14
    m_Top: 0
    m_Bottom: 16
  m_ChildAlignment: 3
  m_Spacing: -2
  m_ChildForceExpandWidth: 0
  m_ChildForceExpandHeight: 0
  m_ChildControlWidth: 1
  m_ChildControlHeight: 1
  m_ChildScaleWidth: 0
  m_ChildScaleHeight: 0
--- !u!1 &7096437158336251185
GameObject:
  m_ObjectHideFlags: 0
  m_CorrespondingSourceObject: {fileID: 0}
  m_PrefabInstance: {fileID: 0}
  m_PrefabAsset: {fileID: 0}
  serializedVersion: 6
  m_Component:
  - component: {fileID: 7096437158336251186}
  - component: {fileID: 7096437158336251196}
  - component: {fileID: 7096437158336251197}
  - component: {fileID: 3327856918304480072}
  - component: {fileID: 4429366249392946272}
  m_Layer: 5
  m_Name: Shortcut Panel
  m_TagString: Untagged
  m_Icon: {fileID: 0}
  m_NavMeshLayer: 0
  m_StaticEditorFlags: 0
  m_IsActive: 1
--- !u!224 &7096437158336251186
RectTransform:
  m_ObjectHideFlags: 0
  m_CorrespondingSourceObject: {fileID: 0}
  m_PrefabInstance: {fileID: 0}
  m_PrefabAsset: {fileID: 0}
  m_GameObject: {fileID: 7096437158336251185}
  m_LocalRotation: {x: 0, y: 0, z: 0, w: 1}
  m_LocalPosition: {x: 0, y: 0, z: 0}
  m_LocalScale: {x: 1, y: 1, z: 1}
  m_Children:
  - {fileID: 6465172922347460463}
  m_Father: {fileID: 0}
  m_RootOrder: 0
  m_LocalEulerAnglesHint: {x: 0, y: 0, z: 0}
  m_AnchorMin: {x: 0.5, y: 1}
  m_AnchorMax: {x: 0.5, y: 1}
  m_AnchoredPosition: {x: 0, y: 0}
  m_SizeDelta: {x: 216, y: 64}
  m_Pivot: {x: 0.5, y: 1}
--- !u!225 &7096437158336251196
CanvasGroup:
  m_ObjectHideFlags: 0
  m_CorrespondingSourceObject: {fileID: 0}
  m_PrefabInstance: {fileID: 0}
  m_PrefabAsset: {fileID: 0}
  m_GameObject: {fileID: 7096437158336251185}
  m_Enabled: 1
  m_Alpha: 1
  m_Interactable: 1
  m_BlocksRaycasts: 1
  m_IgnoreParentGroups: 0
--- !u!114 &7096437158336251197
MonoBehaviour:
  m_ObjectHideFlags: 0
  m_CorrespondingSourceObject: {fileID: 0}
  m_PrefabInstance: {fileID: 0}
  m_PrefabAsset: {fileID: 0}
  m_GameObject: {fileID: 7096437158336251185}
  m_Enabled: 1
  m_EditorHideFlags: 0
  m_Script: {fileID: 11500000, guid: d81d5c8738f79d344b7f0b66b3c2e9d1, type: 3}
  m_Name: 
  m_EditorClassIdentifier: 
--- !u!222 &3327856918304480072
CanvasRenderer:
  m_ObjectHideFlags: 0
  m_CorrespondingSourceObject: {fileID: 0}
  m_PrefabInstance: {fileID: 0}
  m_PrefabAsset: {fileID: 0}
  m_GameObject: {fileID: 7096437158336251185}
  m_CullTransparentMesh: 0
--- !u!114 &4429366249392946272
MonoBehaviour:
  m_ObjectHideFlags: 0
  m_CorrespondingSourceObject: {fileID: 0}
  m_PrefabInstance: {fileID: 0}
  m_PrefabAsset: {fileID: 0}
  m_GameObject: {fileID: 7096437158336251185}
  m_Enabled: 1
  m_EditorHideFlags: 0
  m_Script: {fileID: 11500000, guid: fe87c0e1cc204ed48ad3b37840f39efc, type: 3}
  m_Name: 
  m_EditorClassIdentifier: 
  m_Material: {fileID: 0}
  m_Color: {r: 1, g: 1, b: 1, a: 1}
  m_RaycastTarget: 1
  m_Maskable: 1
  m_OnCullStateChanged:
    m_PersistentCalls:
      m_Calls: []
  m_Sprite: {fileID: 21300000, guid: 60d00698223d00043985db2730fad11e, type: 3}
  m_Type: 0
  m_PreserveAspect: 0
  m_FillCenter: 1
  m_FillMethod: 4
  m_FillAmount: 1
  m_FillClockwise: 1
  m_FillOrigin: 0
  m_UseSpriteMesh: 0
  m_PixelsPerUnitMultiplier: 1
--- !u!1001 &274716452741554603
PrefabInstance:
  m_ObjectHideFlags: 0
  serializedVersion: 2
  m_Modification:
    m_TransformParent: {fileID: 6720956076063067289}
    m_Modifications:
    - target: {fileID: 823174399440710227, guid: d7af68de435eccf4e85984b93b4b3094,
        type: 3}
      propertyPath: m_Enabled
      value: 1
      objectReference: {fileID: 0}
    - target: {fileID: 1375214039581803651, guid: d7af68de435eccf4e85984b93b4b3094,
        type: 3}
      propertyPath: slotNumber
      value: 3
      objectReference: {fileID: 0}
    - target: {fileID: 2201474846468972354, guid: d7af68de435eccf4e85984b93b4b3094,
        type: 3}
      propertyPath: m_LocalPosition.x
      value: 0
      objectReference: {fileID: 0}
    - target: {fileID: 2201474846468972354, guid: d7af68de435eccf4e85984b93b4b3094,
        type: 3}
      propertyPath: m_LocalPosition.y
      value: 0
      objectReference: {fileID: 0}
    - target: {fileID: 2201474846468972354, guid: d7af68de435eccf4e85984b93b4b3094,
        type: 3}
      propertyPath: m_LocalPosition.z
      value: 0
      objectReference: {fileID: 0}
    - target: {fileID: 2201474846468972354, guid: d7af68de435eccf4e85984b93b4b3094,
        type: 3}
      propertyPath: m_LocalRotation.x
      value: -0
      objectReference: {fileID: 0}
    - target: {fileID: 2201474846468972354, guid: d7af68de435eccf4e85984b93b4b3094,
        type: 3}
      propertyPath: m_LocalRotation.y
      value: -0
      objectReference: {fileID: 0}
    - target: {fileID: 2201474846468972354, guid: d7af68de435eccf4e85984b93b4b3094,
        type: 3}
      propertyPath: m_LocalRotation.z
      value: -0
      objectReference: {fileID: 0}
    - target: {fileID: 2201474846468972354, guid: d7af68de435eccf4e85984b93b4b3094,
        type: 3}
      propertyPath: m_LocalRotation.w
      value: 1
      objectReference: {fileID: 0}
    - target: {fileID: 2201474846468972354, guid: d7af68de435eccf4e85984b93b4b3094,
        type: 3}
      propertyPath: m_RootOrder
      value: 2
      objectReference: {fileID: 0}
    - target: {fileID: 2201474846468972354, guid: d7af68de435eccf4e85984b93b4b3094,
        type: 3}
      propertyPath: m_LocalEulerAnglesHint.x
      value: 0
      objectReference: {fileID: 0}
    - target: {fileID: 2201474846468972354, guid: d7af68de435eccf4e85984b93b4b3094,
        type: 3}
      propertyPath: m_LocalEulerAnglesHint.y
      value: 0
      objectReference: {fileID: 0}
    - target: {fileID: 2201474846468972354, guid: d7af68de435eccf4e85984b93b4b3094,
        type: 3}
      propertyPath: m_LocalEulerAnglesHint.z
      value: 0
      objectReference: {fileID: 0}
    - target: {fileID: 2201474846468972354, guid: d7af68de435eccf4e85984b93b4b3094,
        type: 3}
      propertyPath: m_AnchoredPosition.x
      value: 0
      objectReference: {fileID: 0}
    - target: {fileID: 2201474846468972354, guid: d7af68de435eccf4e85984b93b4b3094,
        type: 3}
      propertyPath: m_AnchoredPosition.y
      value: 0
      objectReference: {fileID: 0}
    - target: {fileID: 2201474846468972354, guid: d7af68de435eccf4e85984b93b4b3094,
        type: 3}
      propertyPath: m_SizeDelta.x
      value: 0
      objectReference: {fileID: 0}
    - target: {fileID: 2201474846468972354, guid: d7af68de435eccf4e85984b93b4b3094,
        type: 3}
      propertyPath: m_SizeDelta.y
      value: 0
      objectReference: {fileID: 0}
    - target: {fileID: 2201474846468972354, guid: d7af68de435eccf4e85984b93b4b3094,
        type: 3}
      propertyPath: m_AnchorMin.x
      value: 0
      objectReference: {fileID: 0}
    - target: {fileID: 2201474846468972354, guid: d7af68de435eccf4e85984b93b4b3094,
        type: 3}
      propertyPath: m_AnchorMin.y
      value: 0
      objectReference: {fileID: 0}
    - target: {fileID: 2201474846468972354, guid: d7af68de435eccf4e85984b93b4b3094,
        type: 3}
      propertyPath: m_AnchorMax.x
      value: 0
      objectReference: {fileID: 0}
    - target: {fileID: 2201474846468972354, guid: d7af68de435eccf4e85984b93b4b3094,
        type: 3}
      propertyPath: m_AnchorMax.y
      value: 0
      objectReference: {fileID: 0}
    - target: {fileID: 2201474846468972354, guid: d7af68de435eccf4e85984b93b4b3094,
        type: 3}
      propertyPath: m_Pivot.x
      value: 0.5
      objectReference: {fileID: 0}
    - target: {fileID: 2201474846468972354, guid: d7af68de435eccf4e85984b93b4b3094,
        type: 3}
      propertyPath: m_Pivot.y
      value: 0.5
      objectReference: {fileID: 0}
    - target: {fileID: 3923748150244110643, guid: d7af68de435eccf4e85984b93b4b3094,
        type: 3}
      propertyPath: m_Name
      value: Shortcut Box (2)
      objectReference: {fileID: 0}
    - target: {fileID: 5206003243327273426, guid: d7af68de435eccf4e85984b93b4b3094,
        type: 3}
      propertyPath: m_textInfo.characterCount
      value: 1
      objectReference: {fileID: 0}
    - target: {fileID: 5206003243327273426, guid: d7af68de435eccf4e85984b93b4b3094,
        type: 3}
      propertyPath: m_textInfo.wordCount
      value: 1
      objectReference: {fileID: 0}
    - target: {fileID: 5206003243327273426, guid: d7af68de435eccf4e85984b93b4b3094,
        type: 3}
      propertyPath: m_textInfo.lineCount
      value: 1
      objectReference: {fileID: 0}
    - target: {fileID: 5206003243327273426, guid: d7af68de435eccf4e85984b93b4b3094,
        type: 3}
      propertyPath: m_textInfo.pageCount
      value: 1
      objectReference: {fileID: 0}
    - target: {fileID: 5206003243327273426, guid: d7af68de435eccf4e85984b93b4b3094,
        type: 3}
      propertyPath: m_text
      value: 3
      objectReference: {fileID: 0}
    - target: {fileID: 5337804255672525547, guid: d7af68de435eccf4e85984b93b4b3094,
        type: 3}
      propertyPath: m_AnchorMin.y
      value: 0
      objectReference: {fileID: 0}
    - target: {fileID: 5337804255672525547, guid: d7af68de435eccf4e85984b93b4b3094,
        type: 3}
      propertyPath: m_AnchorMax.y
      value: 0
      objectReference: {fileID: 0}
    - target: {fileID: 5337804255672525547, guid: d7af68de435eccf4e85984b93b4b3094,
        type: 3}
      propertyPath: m_AnchoredPosition.x
      value: 0
      objectReference: {fileID: 0}
    - target: {fileID: 5337804255672525547, guid: d7af68de435eccf4e85984b93b4b3094,
        type: 3}
      propertyPath: m_AnchoredPosition.y
      value: 0
      objectReference: {fileID: 0}
    - target: {fileID: 5337804255672525547, guid: d7af68de435eccf4e85984b93b4b3094,
        type: 3}
      propertyPath: m_SizeDelta.x
      value: 0
      objectReference: {fileID: 0}
    - target: {fileID: 5337804255672525547, guid: d7af68de435eccf4e85984b93b4b3094,
        type: 3}
      propertyPath: m_SizeDelta.y
      value: 0
      objectReference: {fileID: 0}
    - target: {fileID: 6409696169262410665, guid: d7af68de435eccf4e85984b93b4b3094,
        type: 3}
      propertyPath: m_AnchorMin.y
      value: 0
      objectReference: {fileID: 0}
    - target: {fileID: 6409696169262410665, guid: d7af68de435eccf4e85984b93b4b3094,
        type: 3}
      propertyPath: m_AnchorMax.y
      value: 0
      objectReference: {fileID: 0}
    - target: {fileID: 6409696169262410665, guid: d7af68de435eccf4e85984b93b4b3094,
        type: 3}
      propertyPath: m_AnchoredPosition.x
      value: 0
      objectReference: {fileID: 0}
    - target: {fileID: 6409696169262410665, guid: d7af68de435eccf4e85984b93b4b3094,
        type: 3}
      propertyPath: m_AnchoredPosition.y
      value: 0
      objectReference: {fileID: 0}
    - target: {fileID: 7252068661971460741, guid: d7af68de435eccf4e85984b93b4b3094,
        type: 3}
      propertyPath: m_AnchorMin.y
      value: 0
      objectReference: {fileID: 0}
    - target: {fileID: 7252068661971460741, guid: d7af68de435eccf4e85984b93b4b3094,
        type: 3}
      propertyPath: m_AnchorMax.y
      value: 0
      objectReference: {fileID: 0}
    - target: {fileID: 7252068661971460741, guid: d7af68de435eccf4e85984b93b4b3094,
        type: 3}
      propertyPath: m_AnchoredPosition.x
      value: 0
      objectReference: {fileID: 0}
    - target: {fileID: 7252068661971460741, guid: d7af68de435eccf4e85984b93b4b3094,
        type: 3}
      propertyPath: m_AnchoredPosition.y
      value: 0
      objectReference: {fileID: 0}
    - target: {fileID: 7252068661971460741, guid: d7af68de435eccf4e85984b93b4b3094,
        type: 3}
      propertyPath: m_SizeDelta.x
      value: 0
      objectReference: {fileID: 0}
    - target: {fileID: 7252068661971460741, guid: d7af68de435eccf4e85984b93b4b3094,
        type: 3}
      propertyPath: m_SizeDelta.y
      value: 0
      objectReference: {fileID: 0}
    - target: {fileID: 8240675282818866057, guid: d7af68de435eccf4e85984b93b4b3094,
        type: 3}
      propertyPath: m_AnchorMin.y
      value: 0
      objectReference: {fileID: 0}
    - target: {fileID: 8240675282818866057, guid: d7af68de435eccf4e85984b93b4b3094,
        type: 3}
      propertyPath: m_AnchorMax.y
      value: 0
      objectReference: {fileID: 0}
    - target: {fileID: 8240675282818866057, guid: d7af68de435eccf4e85984b93b4b3094,
        type: 3}
      propertyPath: m_AnchoredPosition.x
      value: 0
      objectReference: {fileID: 0}
    - target: {fileID: 8240675282818866057, guid: d7af68de435eccf4e85984b93b4b3094,
        type: 3}
      propertyPath: m_AnchoredPosition.y
      value: 0
      objectReference: {fileID: 0}
    - target: {fileID: 8662950799251770906, guid: d7af68de435eccf4e85984b93b4b3094,
        type: 3}
      propertyPath: m_AnchorMin.y
      value: 0
      objectReference: {fileID: 0}
    - target: {fileID: 8662950799251770906, guid: d7af68de435eccf4e85984b93b4b3094,
        type: 3}
      propertyPath: m_AnchorMax.y
      value: 0
      objectReference: {fileID: 0}
    - target: {fileID: 8662950799251770906, guid: d7af68de435eccf4e85984b93b4b3094,
        type: 3}
      propertyPath: m_AnchoredPosition.x
      value: 0
      objectReference: {fileID: 0}
    - target: {fileID: 8662950799251770906, guid: d7af68de435eccf4e85984b93b4b3094,
        type: 3}
      propertyPath: m_AnchoredPosition.y
      value: 0
      objectReference: {fileID: 0}
    - target: {fileID: 8662950799251770906, guid: d7af68de435eccf4e85984b93b4b3094,
        type: 3}
      propertyPath: m_SizeDelta.x
      value: 0
      objectReference: {fileID: 0}
    - target: {fileID: 8662950799251770906, guid: d7af68de435eccf4e85984b93b4b3094,
        type: 3}
      propertyPath: m_SizeDelta.y
      value: 0
      objectReference: {fileID: 0}
    m_RemovedComponents: []
  m_SourcePrefab: {fileID: 100100000, guid: d7af68de435eccf4e85984b93b4b3094, type: 3}
--- !u!224 &2108468156461760233 stripped
RectTransform:
  m_CorrespondingSourceObject: {fileID: 2201474846468972354, guid: d7af68de435eccf4e85984b93b4b3094,
    type: 3}
  m_PrefabInstance: {fileID: 274716452741554603}
  m_PrefabAsset: {fileID: 0}
--- !u!1001 &1546264011183166736
PrefabInstance:
  m_ObjectHideFlags: 0
  serializedVersion: 2
  m_Modification:
    m_TransformParent: {fileID: 6720956076063067289}
    m_Modifications:
    - target: {fileID: 823174399440710227, guid: d7af68de435eccf4e85984b93b4b3094,
        type: 3}
      propertyPath: m_Enabled
      value: 1
      objectReference: {fileID: 0}
    - target: {fileID: 1375214039581803651, guid: d7af68de435eccf4e85984b93b4b3094,
        type: 3}
      propertyPath: slotNumber
      value: 5
      objectReference: {fileID: 0}
    - target: {fileID: 2201474846468972354, guid: d7af68de435eccf4e85984b93b4b3094,
        type: 3}
      propertyPath: m_LocalPosition.x
      value: 0
      objectReference: {fileID: 0}
    - target: {fileID: 2201474846468972354, guid: d7af68de435eccf4e85984b93b4b3094,
        type: 3}
      propertyPath: m_LocalPosition.y
      value: 0
      objectReference: {fileID: 0}
    - target: {fileID: 2201474846468972354, guid: d7af68de435eccf4e85984b93b4b3094,
        type: 3}
      propertyPath: m_LocalPosition.z
      value: 0
      objectReference: {fileID: 0}
    - target: {fileID: 2201474846468972354, guid: d7af68de435eccf4e85984b93b4b3094,
        type: 3}
      propertyPath: m_LocalRotation.x
      value: -0
      objectReference: {fileID: 0}
    - target: {fileID: 2201474846468972354, guid: d7af68de435eccf4e85984b93b4b3094,
        type: 3}
      propertyPath: m_LocalRotation.y
      value: -0
      objectReference: {fileID: 0}
    - target: {fileID: 2201474846468972354, guid: d7af68de435eccf4e85984b93b4b3094,
        type: 3}
      propertyPath: m_LocalRotation.z
      value: -0
      objectReference: {fileID: 0}
    - target: {fileID: 2201474846468972354, guid: d7af68de435eccf4e85984b93b4b3094,
        type: 3}
      propertyPath: m_LocalRotation.w
      value: 1
      objectReference: {fileID: 0}
    - target: {fileID: 2201474846468972354, guid: d7af68de435eccf4e85984b93b4b3094,
        type: 3}
      propertyPath: m_RootOrder
      value: 4
      objectReference: {fileID: 0}
    - target: {fileID: 2201474846468972354, guid: d7af68de435eccf4e85984b93b4b3094,
        type: 3}
      propertyPath: m_LocalEulerAnglesHint.x
      value: 0
      objectReference: {fileID: 0}
    - target: {fileID: 2201474846468972354, guid: d7af68de435eccf4e85984b93b4b3094,
        type: 3}
      propertyPath: m_LocalEulerAnglesHint.y
      value: 0
      objectReference: {fileID: 0}
    - target: {fileID: 2201474846468972354, guid: d7af68de435eccf4e85984b93b4b3094,
        type: 3}
      propertyPath: m_LocalEulerAnglesHint.z
      value: 0
      objectReference: {fileID: 0}
    - target: {fileID: 2201474846468972354, guid: d7af68de435eccf4e85984b93b4b3094,
        type: 3}
      propertyPath: m_AnchoredPosition.x
      value: 0
      objectReference: {fileID: 0}
    - target: {fileID: 2201474846468972354, guid: d7af68de435eccf4e85984b93b4b3094,
        type: 3}
      propertyPath: m_AnchoredPosition.y
      value: 0
      objectReference: {fileID: 0}
    - target: {fileID: 2201474846468972354, guid: d7af68de435eccf4e85984b93b4b3094,
        type: 3}
      propertyPath: m_SizeDelta.x
      value: 0
      objectReference: {fileID: 0}
    - target: {fileID: 2201474846468972354, guid: d7af68de435eccf4e85984b93b4b3094,
        type: 3}
      propertyPath: m_SizeDelta.y
      value: 0
      objectReference: {fileID: 0}
    - target: {fileID: 2201474846468972354, guid: d7af68de435eccf4e85984b93b4b3094,
        type: 3}
      propertyPath: m_AnchorMin.x
      value: 0
      objectReference: {fileID: 0}
    - target: {fileID: 2201474846468972354, guid: d7af68de435eccf4e85984b93b4b3094,
        type: 3}
      propertyPath: m_AnchorMin.y
      value: 0
      objectReference: {fileID: 0}
    - target: {fileID: 2201474846468972354, guid: d7af68de435eccf4e85984b93b4b3094,
        type: 3}
      propertyPath: m_AnchorMax.x
      value: 0
      objectReference: {fileID: 0}
    - target: {fileID: 2201474846468972354, guid: d7af68de435eccf4e85984b93b4b3094,
        type: 3}
      propertyPath: m_AnchorMax.y
      value: 0
      objectReference: {fileID: 0}
    - target: {fileID: 2201474846468972354, guid: d7af68de435eccf4e85984b93b4b3094,
        type: 3}
      propertyPath: m_Pivot.x
      value: 0.5
      objectReference: {fileID: 0}
    - target: {fileID: 2201474846468972354, guid: d7af68de435eccf4e85984b93b4b3094,
        type: 3}
      propertyPath: m_Pivot.y
      value: 0.5
      objectReference: {fileID: 0}
    - target: {fileID: 3923748150244110643, guid: d7af68de435eccf4e85984b93b4b3094,
        type: 3}
      propertyPath: m_Name
      value: Shortcut Box (4)
      objectReference: {fileID: 0}
    - target: {fileID: 5206003243327273426, guid: d7af68de435eccf4e85984b93b4b3094,
        type: 3}
      propertyPath: m_textInfo.characterCount
      value: 1
      objectReference: {fileID: 0}
    - target: {fileID: 5206003243327273426, guid: d7af68de435eccf4e85984b93b4b3094,
        type: 3}
      propertyPath: m_textInfo.wordCount
      value: 1
      objectReference: {fileID: 0}
    - target: {fileID: 5206003243327273426, guid: d7af68de435eccf4e85984b93b4b3094,
        type: 3}
      propertyPath: m_textInfo.lineCount
      value: 1
      objectReference: {fileID: 0}
    - target: {fileID: 5206003243327273426, guid: d7af68de435eccf4e85984b93b4b3094,
        type: 3}
      propertyPath: m_textInfo.pageCount
      value: 1
      objectReference: {fileID: 0}
    - target: {fileID: 5206003243327273426, guid: d7af68de435eccf4e85984b93b4b3094,
        type: 3}
      propertyPath: m_text
      value: 5
      objectReference: {fileID: 0}
    - target: {fileID: 5337804255672525547, guid: d7af68de435eccf4e85984b93b4b3094,
        type: 3}
      propertyPath: m_AnchorMin.y
      value: 0
      objectReference: {fileID: 0}
    - target: {fileID: 5337804255672525547, guid: d7af68de435eccf4e85984b93b4b3094,
        type: 3}
      propertyPath: m_AnchorMax.y
      value: 0
      objectReference: {fileID: 0}
    - target: {fileID: 5337804255672525547, guid: d7af68de435eccf4e85984b93b4b3094,
        type: 3}
      propertyPath: m_AnchoredPosition.x
      value: 0
      objectReference: {fileID: 0}
    - target: {fileID: 5337804255672525547, guid: d7af68de435eccf4e85984b93b4b3094,
        type: 3}
      propertyPath: m_AnchoredPosition.y
      value: 0
      objectReference: {fileID: 0}
    - target: {fileID: 5337804255672525547, guid: d7af68de435eccf4e85984b93b4b3094,
        type: 3}
      propertyPath: m_SizeDelta.x
      value: 0
      objectReference: {fileID: 0}
    - target: {fileID: 5337804255672525547, guid: d7af68de435eccf4e85984b93b4b3094,
        type: 3}
      propertyPath: m_SizeDelta.y
      value: 0
      objectReference: {fileID: 0}
    - target: {fileID: 6409696169262410665, guid: d7af68de435eccf4e85984b93b4b3094,
        type: 3}
      propertyPath: m_AnchorMin.y
      value: 0
      objectReference: {fileID: 0}
    - target: {fileID: 6409696169262410665, guid: d7af68de435eccf4e85984b93b4b3094,
        type: 3}
      propertyPath: m_AnchorMax.y
      value: 0
      objectReference: {fileID: 0}
    - target: {fileID: 6409696169262410665, guid: d7af68de435eccf4e85984b93b4b3094,
        type: 3}
      propertyPath: m_AnchoredPosition.x
      value: 0
      objectReference: {fileID: 0}
    - target: {fileID: 6409696169262410665, guid: d7af68de435eccf4e85984b93b4b3094,
        type: 3}
      propertyPath: m_AnchoredPosition.y
      value: 0
      objectReference: {fileID: 0}
    - target: {fileID: 7252068661971460741, guid: d7af68de435eccf4e85984b93b4b3094,
        type: 3}
      propertyPath: m_AnchorMin.y
      value: 0
      objectReference: {fileID: 0}
    - target: {fileID: 7252068661971460741, guid: d7af68de435eccf4e85984b93b4b3094,
        type: 3}
      propertyPath: m_AnchorMax.y
      value: 0
      objectReference: {fileID: 0}
    - target: {fileID: 7252068661971460741, guid: d7af68de435eccf4e85984b93b4b3094,
        type: 3}
      propertyPath: m_AnchoredPosition.x
      value: 0
      objectReference: {fileID: 0}
    - target: {fileID: 7252068661971460741, guid: d7af68de435eccf4e85984b93b4b3094,
        type: 3}
      propertyPath: m_AnchoredPosition.y
      value: 0
      objectReference: {fileID: 0}
    - target: {fileID: 7252068661971460741, guid: d7af68de435eccf4e85984b93b4b3094,
        type: 3}
      propertyPath: m_SizeDelta.x
      value: 0
      objectReference: {fileID: 0}
    - target: {fileID: 7252068661971460741, guid: d7af68de435eccf4e85984b93b4b3094,
        type: 3}
      propertyPath: m_SizeDelta.y
      value: 0
      objectReference: {fileID: 0}
    - target: {fileID: 8240675282818866057, guid: d7af68de435eccf4e85984b93b4b3094,
        type: 3}
      propertyPath: m_AnchorMin.y
      value: 0
      objectReference: {fileID: 0}
    - target: {fileID: 8240675282818866057, guid: d7af68de435eccf4e85984b93b4b3094,
        type: 3}
      propertyPath: m_AnchorMax.y
      value: 0
      objectReference: {fileID: 0}
    - target: {fileID: 8240675282818866057, guid: d7af68de435eccf4e85984b93b4b3094,
        type: 3}
      propertyPath: m_AnchoredPosition.x
      value: 0
      objectReference: {fileID: 0}
    - target: {fileID: 8240675282818866057, guid: d7af68de435eccf4e85984b93b4b3094,
        type: 3}
      propertyPath: m_AnchoredPosition.y
      value: 0
      objectReference: {fileID: 0}
    - target: {fileID: 8662950799251770906, guid: d7af68de435eccf4e85984b93b4b3094,
        type: 3}
      propertyPath: m_AnchorMin.y
      value: 0
      objectReference: {fileID: 0}
    - target: {fileID: 8662950799251770906, guid: d7af68de435eccf4e85984b93b4b3094,
        type: 3}
      propertyPath: m_AnchorMax.y
      value: 0
      objectReference: {fileID: 0}
    - target: {fileID: 8662950799251770906, guid: d7af68de435eccf4e85984b93b4b3094,
        type: 3}
      propertyPath: m_AnchoredPosition.x
      value: 0
      objectReference: {fileID: 0}
    - target: {fileID: 8662950799251770906, guid: d7af68de435eccf4e85984b93b4b3094,
        type: 3}
      propertyPath: m_AnchoredPosition.y
      value: 0
      objectReference: {fileID: 0}
    - target: {fileID: 8662950799251770906, guid: d7af68de435eccf4e85984b93b4b3094,
        type: 3}
      propertyPath: m_SizeDelta.x
      value: 0
      objectReference: {fileID: 0}
    - target: {fileID: 8662950799251770906, guid: d7af68de435eccf4e85984b93b4b3094,
        type: 3}
      propertyPath: m_SizeDelta.y
      value: 0
      objectReference: {fileID: 0}
    m_RemovedComponents: []
  m_SourcePrefab: {fileID: 100100000, guid: d7af68de435eccf4e85984b93b4b3094, type: 3}
--- !u!224 &862539768703388242 stripped
RectTransform:
  m_CorrespondingSourceObject: {fileID: 2201474846468972354, guid: d7af68de435eccf4e85984b93b4b3094,
    type: 3}
  m_PrefabInstance: {fileID: 1546264011183166736}
  m_PrefabAsset: {fileID: 0}
--- !u!1001 &5058928408405465495
PrefabInstance:
  m_ObjectHideFlags: 0
  serializedVersion: 2
  m_Modification:
    m_TransformParent: {fileID: 6720956076063067289}
    m_Modifications:
    - target: {fileID: 2201474846468972354, guid: d7af68de435eccf4e85984b93b4b3094,
        type: 3}
      propertyPath: m_LocalPosition.x
      value: 0
      objectReference: {fileID: 0}
    - target: {fileID: 2201474846468972354, guid: d7af68de435eccf4e85984b93b4b3094,
        type: 3}
      propertyPath: m_LocalPosition.y
      value: 0
      objectReference: {fileID: 0}
    - target: {fileID: 2201474846468972354, guid: d7af68de435eccf4e85984b93b4b3094,
        type: 3}
      propertyPath: m_LocalPosition.z
      value: 0
      objectReference: {fileID: 0}
    - target: {fileID: 2201474846468972354, guid: d7af68de435eccf4e85984b93b4b3094,
        type: 3}
      propertyPath: m_LocalRotation.x
      value: -0
      objectReference: {fileID: 0}
    - target: {fileID: 2201474846468972354, guid: d7af68de435eccf4e85984b93b4b3094,
        type: 3}
      propertyPath: m_LocalRotation.y
      value: -0
      objectReference: {fileID: 0}
    - target: {fileID: 2201474846468972354, guid: d7af68de435eccf4e85984b93b4b3094,
        type: 3}
      propertyPath: m_LocalRotation.z
      value: -0
      objectReference: {fileID: 0}
    - target: {fileID: 2201474846468972354, guid: d7af68de435eccf4e85984b93b4b3094,
        type: 3}
      propertyPath: m_LocalRotation.w
      value: 1
      objectReference: {fileID: 0}
    - target: {fileID: 2201474846468972354, guid: d7af68de435eccf4e85984b93b4b3094,
        type: 3}
      propertyPath: m_RootOrder
      value: 0
      objectReference: {fileID: 0}
    - target: {fileID: 2201474846468972354, guid: d7af68de435eccf4e85984b93b4b3094,
        type: 3}
      propertyPath: m_LocalEulerAnglesHint.x
      value: 0
      objectReference: {fileID: 0}
    - target: {fileID: 2201474846468972354, guid: d7af68de435eccf4e85984b93b4b3094,
        type: 3}
      propertyPath: m_LocalEulerAnglesHint.y
      value: 0
      objectReference: {fileID: 0}
    - target: {fileID: 2201474846468972354, guid: d7af68de435eccf4e85984b93b4b3094,
        type: 3}
      propertyPath: m_LocalEulerAnglesHint.z
      value: 0
      objectReference: {fileID: 0}
    - target: {fileID: 2201474846468972354, guid: d7af68de435eccf4e85984b93b4b3094,
        type: 3}
      propertyPath: m_AnchoredPosition.x
      value: 0
      objectReference: {fileID: 0}
    - target: {fileID: 2201474846468972354, guid: d7af68de435eccf4e85984b93b4b3094,
        type: 3}
      propertyPath: m_AnchoredPosition.y
      value: 0
      objectReference: {fileID: 0}
    - target: {fileID: 2201474846468972354, guid: d7af68de435eccf4e85984b93b4b3094,
        type: 3}
      propertyPath: m_SizeDelta.x
      value: 0
      objectReference: {fileID: 0}
    - target: {fileID: 2201474846468972354, guid: d7af68de435eccf4e85984b93b4b3094,
        type: 3}
      propertyPath: m_SizeDelta.y
      value: 0
      objectReference: {fileID: 0}
    - target: {fileID: 2201474846468972354, guid: d7af68de435eccf4e85984b93b4b3094,
        type: 3}
      propertyPath: m_AnchorMin.x
      value: 0
      objectReference: {fileID: 0}
    - target: {fileID: 2201474846468972354, guid: d7af68de435eccf4e85984b93b4b3094,
        type: 3}
      propertyPath: m_AnchorMin.y
      value: 0
      objectReference: {fileID: 0}
    - target: {fileID: 2201474846468972354, guid: d7af68de435eccf4e85984b93b4b3094,
        type: 3}
      propertyPath: m_AnchorMax.x
      value: 0
      objectReference: {fileID: 0}
    - target: {fileID: 2201474846468972354, guid: d7af68de435eccf4e85984b93b4b3094,
        type: 3}
      propertyPath: m_AnchorMax.y
      value: 0
      objectReference: {fileID: 0}
    - target: {fileID: 2201474846468972354, guid: d7af68de435eccf4e85984b93b4b3094,
        type: 3}
      propertyPath: m_Pivot.x
      value: 0.5
      objectReference: {fileID: 0}
    - target: {fileID: 2201474846468972354, guid: d7af68de435eccf4e85984b93b4b3094,
        type: 3}
      propertyPath: m_Pivot.y
      value: 0.5
      objectReference: {fileID: 0}
    - target: {fileID: 3923748150244110643, guid: d7af68de435eccf4e85984b93b4b3094,
        type: 3}
      propertyPath: m_Name
      value: Shortcut Box
      objectReference: {fileID: 0}
    - target: {fileID: 8240675282818866057, guid: d7af68de435eccf4e85984b93b4b3094,
        type: 3}
      propertyPath: m_AnchorMin.y
      value: 0
      objectReference: {fileID: 0}
    - target: {fileID: 8240675282818866057, guid: d7af68de435eccf4e85984b93b4b3094,
        type: 3}
      propertyPath: m_AnchorMax.y
      value: 0
      objectReference: {fileID: 0}
    - target: {fileID: 8240675282818866057, guid: d7af68de435eccf4e85984b93b4b3094,
        type: 3}
      propertyPath: m_AnchoredPosition.x
      value: 0
      objectReference: {fileID: 0}
    - target: {fileID: 8240675282818866057, guid: d7af68de435eccf4e85984b93b4b3094,
        type: 3}
      propertyPath: m_AnchoredPosition.y
      value: 0
      objectReference: {fileID: 0}
    m_RemovedComponents: []
  m_SourcePrefab: {fileID: 100100000, guid: d7af68de435eccf4e85984b93b4b3094, type: 3}
--- !u!224 &6393379881695987413 stripped
RectTransform:
  m_CorrespondingSourceObject: {fileID: 2201474846468972354, guid: d7af68de435eccf4e85984b93b4b3094,
    type: 3}
  m_PrefabInstance: {fileID: 5058928408405465495}
  m_PrefabAsset: {fileID: 0}
--- !u!1001 &7308153631359887452
PrefabInstance:
  m_ObjectHideFlags: 0
  serializedVersion: 2
  m_Modification:
    m_TransformParent: {fileID: 6720956076063067289}
    m_Modifications:
    - target: {fileID: 823174399440710227, guid: d7af68de435eccf4e85984b93b4b3094,
        type: 3}
      propertyPath: m_Enabled
      value: 1
      objectReference: {fileID: 0}
    - target: {fileID: 1375214039581803651, guid: d7af68de435eccf4e85984b93b4b3094,
        type: 3}
      propertyPath: slotNumber
      value: 4
      objectReference: {fileID: 0}
    - target: {fileID: 2201474846468972354, guid: d7af68de435eccf4e85984b93b4b3094,
        type: 3}
      propertyPath: m_LocalPosition.x
      value: 0
      objectReference: {fileID: 0}
    - target: {fileID: 2201474846468972354, guid: d7af68de435eccf4e85984b93b4b3094,
        type: 3}
      propertyPath: m_LocalPosition.y
      value: 0
      objectReference: {fileID: 0}
    - target: {fileID: 2201474846468972354, guid: d7af68de435eccf4e85984b93b4b3094,
        type: 3}
      propertyPath: m_LocalPosition.z
      value: 0
      objectReference: {fileID: 0}
    - target: {fileID: 2201474846468972354, guid: d7af68de435eccf4e85984b93b4b3094,
        type: 3}
      propertyPath: m_LocalRotation.x
      value: -0
      objectReference: {fileID: 0}
    - target: {fileID: 2201474846468972354, guid: d7af68de435eccf4e85984b93b4b3094,
        type: 3}
      propertyPath: m_LocalRotation.y
      value: -0
      objectReference: {fileID: 0}
    - target: {fileID: 2201474846468972354, guid: d7af68de435eccf4e85984b93b4b3094,
        type: 3}
      propertyPath: m_LocalRotation.z
      value: -0
      objectReference: {fileID: 0}
    - target: {fileID: 2201474846468972354, guid: d7af68de435eccf4e85984b93b4b3094,
        type: 3}
      propertyPath: m_LocalRotation.w
      value: 1
      objectReference: {fileID: 0}
    - target: {fileID: 2201474846468972354, guid: d7af68de435eccf4e85984b93b4b3094,
        type: 3}
      propertyPath: m_RootOrder
      value: 3
      objectReference: {fileID: 0}
    - target: {fileID: 2201474846468972354, guid: d7af68de435eccf4e85984b93b4b3094,
        type: 3}
      propertyPath: m_LocalEulerAnglesHint.x
      value: 0
      objectReference: {fileID: 0}
    - target: {fileID: 2201474846468972354, guid: d7af68de435eccf4e85984b93b4b3094,
        type: 3}
      propertyPath: m_LocalEulerAnglesHint.y
      value: 0
      objectReference: {fileID: 0}
    - target: {fileID: 2201474846468972354, guid: d7af68de435eccf4e85984b93b4b3094,
        type: 3}
      propertyPath: m_LocalEulerAnglesHint.z
      value: 0
      objectReference: {fileID: 0}
    - target: {fileID: 2201474846468972354, guid: d7af68de435eccf4e85984b93b4b3094,
        type: 3}
      propertyPath: m_AnchoredPosition.x
      value: 0
      objectReference: {fileID: 0}
    - target: {fileID: 2201474846468972354, guid: d7af68de435eccf4e85984b93b4b3094,
        type: 3}
      propertyPath: m_AnchoredPosition.y
      value: 0
      objectReference: {fileID: 0}
    - target: {fileID: 2201474846468972354, guid: d7af68de435eccf4e85984b93b4b3094,
        type: 3}
      propertyPath: m_SizeDelta.x
      value: 0
      objectReference: {fileID: 0}
    - target: {fileID: 2201474846468972354, guid: d7af68de435eccf4e85984b93b4b3094,
        type: 3}
      propertyPath: m_SizeDelta.y
      value: 0
      objectReference: {fileID: 0}
    - target: {fileID: 2201474846468972354, guid: d7af68de435eccf4e85984b93b4b3094,
        type: 3}
      propertyPath: m_AnchorMin.x
      value: 0
      objectReference: {fileID: 0}
    - target: {fileID: 2201474846468972354, guid: d7af68de435eccf4e85984b93b4b3094,
        type: 3}
      propertyPath: m_AnchorMin.y
      value: 0
      objectReference: {fileID: 0}
    - target: {fileID: 2201474846468972354, guid: d7af68de435eccf4e85984b93b4b3094,
        type: 3}
      propertyPath: m_AnchorMax.x
      value: 0
      objectReference: {fileID: 0}
    - target: {fileID: 2201474846468972354, guid: d7af68de435eccf4e85984b93b4b3094,
        type: 3}
      propertyPath: m_AnchorMax.y
      value: 0
      objectReference: {fileID: 0}
    - target: {fileID: 2201474846468972354, guid: d7af68de435eccf4e85984b93b4b3094,
        type: 3}
      propertyPath: m_Pivot.x
      value: 0.5
      objectReference: {fileID: 0}
    - target: {fileID: 2201474846468972354, guid: d7af68de435eccf4e85984b93b4b3094,
        type: 3}
      propertyPath: m_Pivot.y
      value: 0.5
      objectReference: {fileID: 0}
    - target: {fileID: 3923748150244110643, guid: d7af68de435eccf4e85984b93b4b3094,
        type: 3}
      propertyPath: m_Name
      value: Shortcut Box (3)
      objectReference: {fileID: 0}
    - target: {fileID: 5206003243327273426, guid: d7af68de435eccf4e85984b93b4b3094,
        type: 3}
      propertyPath: m_textInfo.characterCount
      value: 1
      objectReference: {fileID: 0}
    - target: {fileID: 5206003243327273426, guid: d7af68de435eccf4e85984b93b4b3094,
        type: 3}
      propertyPath: m_textInfo.wordCount
      value: 1
      objectReference: {fileID: 0}
    - target: {fileID: 5206003243327273426, guid: d7af68de435eccf4e85984b93b4b3094,
        type: 3}
      propertyPath: m_textInfo.lineCount
      value: 1
      objectReference: {fileID: 0}
    - target: {fileID: 5206003243327273426, guid: d7af68de435eccf4e85984b93b4b3094,
        type: 3}
      propertyPath: m_textInfo.pageCount
      value: 1
      objectReference: {fileID: 0}
    - target: {fileID: 5206003243327273426, guid: d7af68de435eccf4e85984b93b4b3094,
        type: 3}
      propertyPath: m_text
      value: 4
      objectReference: {fileID: 0}
    - target: {fileID: 5337804255672525547, guid: d7af68de435eccf4e85984b93b4b3094,
        type: 3}
      propertyPath: m_AnchorMin.y
      value: 0
      objectReference: {fileID: 0}
    - target: {fileID: 5337804255672525547, guid: d7af68de435eccf4e85984b93b4b3094,
        type: 3}
      propertyPath: m_AnchorMax.y
      value: 0
      objectReference: {fileID: 0}
    - target: {fileID: 5337804255672525547, guid: d7af68de435eccf4e85984b93b4b3094,
        type: 3}
      propertyPath: m_AnchoredPosition.x
      value: 0
      objectReference: {fileID: 0}
    - target: {fileID: 5337804255672525547, guid: d7af68de435eccf4e85984b93b4b3094,
        type: 3}
      propertyPath: m_AnchoredPosition.y
      value: 0
      objectReference: {fileID: 0}
    - target: {fileID: 5337804255672525547, guid: d7af68de435eccf4e85984b93b4b3094,
        type: 3}
      propertyPath: m_SizeDelta.x
      value: 0
      objectReference: {fileID: 0}
    - target: {fileID: 5337804255672525547, guid: d7af68de435eccf4e85984b93b4b3094,
        type: 3}
      propertyPath: m_SizeDelta.y
      value: 0
      objectReference: {fileID: 0}
    - target: {fileID: 6409696169262410665, guid: d7af68de435eccf4e85984b93b4b3094,
        type: 3}
      propertyPath: m_AnchorMin.y
      value: 0
      objectReference: {fileID: 0}
    - target: {fileID: 6409696169262410665, guid: d7af68de435eccf4e85984b93b4b3094,
        type: 3}
      propertyPath: m_AnchorMax.y
      value: 0
      objectReference: {fileID: 0}
    - target: {fileID: 6409696169262410665, guid: d7af68de435eccf4e85984b93b4b3094,
        type: 3}
      propertyPath: m_AnchoredPosition.x
      value: 0
      objectReference: {fileID: 0}
    - target: {fileID: 6409696169262410665, guid: d7af68de435eccf4e85984b93b4b3094,
        type: 3}
      propertyPath: m_AnchoredPosition.y
      value: 0
      objectReference: {fileID: 0}
    - target: {fileID: 7252068661971460741, guid: d7af68de435eccf4e85984b93b4b3094,
        type: 3}
      propertyPath: m_AnchorMin.y
      value: 0
      objectReference: {fileID: 0}
    - target: {fileID: 7252068661971460741, guid: d7af68de435eccf4e85984b93b4b3094,
        type: 3}
      propertyPath: m_AnchorMax.y
      value: 0
      objectReference: {fileID: 0}
    - target: {fileID: 7252068661971460741, guid: d7af68de435eccf4e85984b93b4b3094,
        type: 3}
      propertyPath: m_AnchoredPosition.x
      value: 0
      objectReference: {fileID: 0}
    - target: {fileID: 7252068661971460741, guid: d7af68de435eccf4e85984b93b4b3094,
        type: 3}
      propertyPath: m_AnchoredPosition.y
      value: 0
      objectReference: {fileID: 0}
    - target: {fileID: 7252068661971460741, guid: d7af68de435eccf4e85984b93b4b3094,
        type: 3}
      propertyPath: m_SizeDelta.x
      value: 0
      objectReference: {fileID: 0}
    - target: {fileID: 7252068661971460741, guid: d7af68de435eccf4e85984b93b4b3094,
        type: 3}
      propertyPath: m_SizeDelta.y
      value: 0
      objectReference: {fileID: 0}
    - target: {fileID: 8240675282818866057, guid: d7af68de435eccf4e85984b93b4b3094,
        type: 3}
      propertyPath: m_AnchorMin.y
      value: 0
      objectReference: {fileID: 0}
    - target: {fileID: 8240675282818866057, guid: d7af68de435eccf4e85984b93b4b3094,
        type: 3}
      propertyPath: m_AnchorMax.y
      value: 0
      objectReference: {fileID: 0}
    - target: {fileID: 8240675282818866057, guid: d7af68de435eccf4e85984b93b4b3094,
        type: 3}
      propertyPath: m_AnchoredPosition.x
      value: 0
      objectReference: {fileID: 0}
    - target: {fileID: 8240675282818866057, guid: d7af68de435eccf4e85984b93b4b3094,
        type: 3}
      propertyPath: m_AnchoredPosition.y
      value: 0
      objectReference: {fileID: 0}
    - target: {fileID: 8662950799251770906, guid: d7af68de435eccf4e85984b93b4b3094,
        type: 3}
      propertyPath: m_AnchorMin.y
      value: 0
      objectReference: {fileID: 0}
    - target: {fileID: 8662950799251770906, guid: d7af68de435eccf4e85984b93b4b3094,
        type: 3}
      propertyPath: m_AnchorMax.y
      value: 0
      objectReference: {fileID: 0}
    - target: {fileID: 8662950799251770906, guid: d7af68de435eccf4e85984b93b4b3094,
        type: 3}
      propertyPath: m_AnchoredPosition.x
      value: 0
      objectReference: {fileID: 0}
    - target: {fileID: 8662950799251770906, guid: d7af68de435eccf4e85984b93b4b3094,
        type: 3}
      propertyPath: m_AnchoredPosition.y
      value: 0
      objectReference: {fileID: 0}
    - target: {fileID: 8662950799251770906, guid: d7af68de435eccf4e85984b93b4b3094,
        type: 3}
      propertyPath: m_SizeDelta.x
      value: 0
      objectReference: {fileID: 0}
    - target: {fileID: 8662950799251770906, guid: d7af68de435eccf4e85984b93b4b3094,
        type: 3}
      propertyPath: m_SizeDelta.y
      value: 0
      objectReference: {fileID: 0}
    m_RemovedComponents: []
  m_SourcePrefab: {fileID: 100100000, guid: d7af68de435eccf4e85984b93b4b3094, type: 3}
--- !u!224 &8928090168709248798 stripped
RectTransform:
  m_CorrespondingSourceObject: {fileID: 2201474846468972354, guid: d7af68de435eccf4e85984b93b4b3094,
    type: 3}
  m_PrefabInstance: {fileID: 7308153631359887452}
  m_PrefabAsset: {fileID: 0}
--- !u!1001 &7953671675752752011
PrefabInstance:
  m_ObjectHideFlags: 0
  serializedVersion: 2
  m_Modification:
    m_TransformParent: {fileID: 6720956076063067289}
    m_Modifications:
    - target: {fileID: 823174399440710227, guid: d7af68de435eccf4e85984b93b4b3094,
        type: 3}
      propertyPath: m_Enabled
      value: 1
      objectReference: {fileID: 0}
    - target: {fileID: 1375214039581803651, guid: d7af68de435eccf4e85984b93b4b3094,
        type: 3}
      propertyPath: slotNumber
      value: 2
      objectReference: {fileID: 0}
    - target: {fileID: 2201474846468972354, guid: d7af68de435eccf4e85984b93b4b3094,
        type: 3}
      propertyPath: m_LocalPosition.x
      value: 0
      objectReference: {fileID: 0}
    - target: {fileID: 2201474846468972354, guid: d7af68de435eccf4e85984b93b4b3094,
        type: 3}
      propertyPath: m_LocalPosition.y
      value: 0
      objectReference: {fileID: 0}
    - target: {fileID: 2201474846468972354, guid: d7af68de435eccf4e85984b93b4b3094,
        type: 3}
      propertyPath: m_LocalPosition.z
      value: 0
      objectReference: {fileID: 0}
    - target: {fileID: 2201474846468972354, guid: d7af68de435eccf4e85984b93b4b3094,
        type: 3}
      propertyPath: m_LocalRotation.x
      value: -0
      objectReference: {fileID: 0}
    - target: {fileID: 2201474846468972354, guid: d7af68de435eccf4e85984b93b4b3094,
        type: 3}
      propertyPath: m_LocalRotation.y
      value: -0
      objectReference: {fileID: 0}
    - target: {fileID: 2201474846468972354, guid: d7af68de435eccf4e85984b93b4b3094,
        type: 3}
      propertyPath: m_LocalRotation.z
      value: -0
      objectReference: {fileID: 0}
    - target: {fileID: 2201474846468972354, guid: d7af68de435eccf4e85984b93b4b3094,
        type: 3}
      propertyPath: m_LocalRotation.w
      value: 1
      objectReference: {fileID: 0}
    - target: {fileID: 2201474846468972354, guid: d7af68de435eccf4e85984b93b4b3094,
        type: 3}
      propertyPath: m_RootOrder
      value: 1
      objectReference: {fileID: 0}
    - target: {fileID: 2201474846468972354, guid: d7af68de435eccf4e85984b93b4b3094,
        type: 3}
      propertyPath: m_LocalEulerAnglesHint.x
      value: 0
      objectReference: {fileID: 0}
    - target: {fileID: 2201474846468972354, guid: d7af68de435eccf4e85984b93b4b3094,
        type: 3}
      propertyPath: m_LocalEulerAnglesHint.y
      value: 0
      objectReference: {fileID: 0}
    - target: {fileID: 2201474846468972354, guid: d7af68de435eccf4e85984b93b4b3094,
        type: 3}
      propertyPath: m_LocalEulerAnglesHint.z
      value: 0
      objectReference: {fileID: 0}
    - target: {fileID: 2201474846468972354, guid: d7af68de435eccf4e85984b93b4b3094,
        type: 3}
      propertyPath: m_AnchoredPosition.x
      value: 0
      objectReference: {fileID: 0}
    - target: {fileID: 2201474846468972354, guid: d7af68de435eccf4e85984b93b4b3094,
        type: 3}
      propertyPath: m_AnchoredPosition.y
      value: 0
      objectReference: {fileID: 0}
    - target: {fileID: 2201474846468972354, guid: d7af68de435eccf4e85984b93b4b3094,
        type: 3}
      propertyPath: m_SizeDelta.x
      value: 0
      objectReference: {fileID: 0}
    - target: {fileID: 2201474846468972354, guid: d7af68de435eccf4e85984b93b4b3094,
        type: 3}
      propertyPath: m_SizeDelta.y
      value: 0
      objectReference: {fileID: 0}
    - target: {fileID: 2201474846468972354, guid: d7af68de435eccf4e85984b93b4b3094,
        type: 3}
      propertyPath: m_AnchorMin.x
      value: 0
      objectReference: {fileID: 0}
    - target: {fileID: 2201474846468972354, guid: d7af68de435eccf4e85984b93b4b3094,
        type: 3}
      propertyPath: m_AnchorMin.y
      value: 0
      objectReference: {fileID: 0}
    - target: {fileID: 2201474846468972354, guid: d7af68de435eccf4e85984b93b4b3094,
        type: 3}
      propertyPath: m_AnchorMax.x
      value: 0
      objectReference: {fileID: 0}
    - target: {fileID: 2201474846468972354, guid: d7af68de435eccf4e85984b93b4b3094,
        type: 3}
      propertyPath: m_AnchorMax.y
      value: 0
      objectReference: {fileID: 0}
    - target: {fileID: 2201474846468972354, guid: d7af68de435eccf4e85984b93b4b3094,
        type: 3}
      propertyPath: m_Pivot.x
      value: 0.5
      objectReference: {fileID: 0}
    - target: {fileID: 2201474846468972354, guid: d7af68de435eccf4e85984b93b4b3094,
        type: 3}
      propertyPath: m_Pivot.y
      value: 0.5
      objectReference: {fileID: 0}
    - target: {fileID: 3923748150244110643, guid: d7af68de435eccf4e85984b93b4b3094,
        type: 3}
      propertyPath: m_Name
      value: Shortcut Box (1)
      objectReference: {fileID: 0}
    - target: {fileID: 5206003243327273426, guid: d7af68de435eccf4e85984b93b4b3094,
        type: 3}
      propertyPath: m_textInfo.characterCount
      value: 1
      objectReference: {fileID: 0}
    - target: {fileID: 5206003243327273426, guid: d7af68de435eccf4e85984b93b4b3094,
        type: 3}
      propertyPath: m_textInfo.wordCount
      value: 1
      objectReference: {fileID: 0}
    - target: {fileID: 5206003243327273426, guid: d7af68de435eccf4e85984b93b4b3094,
        type: 3}
      propertyPath: m_textInfo.lineCount
      value: 1
      objectReference: {fileID: 0}
    - target: {fileID: 5206003243327273426, guid: d7af68de435eccf4e85984b93b4b3094,
        type: 3}
      propertyPath: m_textInfo.pageCount
      value: 1
      objectReference: {fileID: 0}
    - target: {fileID: 5206003243327273426, guid: d7af68de435eccf4e85984b93b4b3094,
        type: 3}
      propertyPath: m_text
      value: 2
      objectReference: {fileID: 0}
    - target: {fileID: 5337804255672525547, guid: d7af68de435eccf4e85984b93b4b3094,
        type: 3}
      propertyPath: m_AnchorMin.y
      value: 0
      objectReference: {fileID: 0}
    - target: {fileID: 5337804255672525547, guid: d7af68de435eccf4e85984b93b4b3094,
        type: 3}
      propertyPath: m_AnchorMax.y
      value: 0
      objectReference: {fileID: 0}
    - target: {fileID: 5337804255672525547, guid: d7af68de435eccf4e85984b93b4b3094,
        type: 3}
      propertyPath: m_AnchoredPosition.x
      value: 0
      objectReference: {fileID: 0}
    - target: {fileID: 5337804255672525547, guid: d7af68de435eccf4e85984b93b4b3094,
        type: 3}
      propertyPath: m_AnchoredPosition.y
      value: 0
      objectReference: {fileID: 0}
    - target: {fileID: 5337804255672525547, guid: d7af68de435eccf4e85984b93b4b3094,
        type: 3}
      propertyPath: m_SizeDelta.x
      value: 0
      objectReference: {fileID: 0}
    - target: {fileID: 5337804255672525547, guid: d7af68de435eccf4e85984b93b4b3094,
        type: 3}
      propertyPath: m_SizeDelta.y
      value: 0
      objectReference: {fileID: 0}
    - target: {fileID: 6409696169262410665, guid: d7af68de435eccf4e85984b93b4b3094,
        type: 3}
      propertyPath: m_AnchorMin.y
      value: 0
      objectReference: {fileID: 0}
    - target: {fileID: 6409696169262410665, guid: d7af68de435eccf4e85984b93b4b3094,
        type: 3}
      propertyPath: m_AnchorMax.y
      value: 0
      objectReference: {fileID: 0}
    - target: {fileID: 6409696169262410665, guid: d7af68de435eccf4e85984b93b4b3094,
        type: 3}
      propertyPath: m_AnchoredPosition.x
      value: 0
      objectReference: {fileID: 0}
    - target: {fileID: 6409696169262410665, guid: d7af68de435eccf4e85984b93b4b3094,
        type: 3}
      propertyPath: m_AnchoredPosition.y
      value: 0
      objectReference: {fileID: 0}
    - target: {fileID: 7252068661971460741, guid: d7af68de435eccf4e85984b93b4b3094,
        type: 3}
      propertyPath: m_AnchorMin.y
      value: 0
      objectReference: {fileID: 0}
    - target: {fileID: 7252068661971460741, guid: d7af68de435eccf4e85984b93b4b3094,
        type: 3}
      propertyPath: m_AnchorMax.y
      value: 0
      objectReference: {fileID: 0}
    - target: {fileID: 7252068661971460741, guid: d7af68de435eccf4e85984b93b4b3094,
        type: 3}
      propertyPath: m_AnchoredPosition.x
      value: 0
      objectReference: {fileID: 0}
    - target: {fileID: 7252068661971460741, guid: d7af68de435eccf4e85984b93b4b3094,
        type: 3}
      propertyPath: m_AnchoredPosition.y
      value: 0
      objectReference: {fileID: 0}
    - target: {fileID: 7252068661971460741, guid: d7af68de435eccf4e85984b93b4b3094,
        type: 3}
      propertyPath: m_SizeDelta.x
      value: 0
      objectReference: {fileID: 0}
    - target: {fileID: 7252068661971460741, guid: d7af68de435eccf4e85984b93b4b3094,
        type: 3}
      propertyPath: m_SizeDelta.y
      value: 0
      objectReference: {fileID: 0}
    - target: {fileID: 8240675282818866057, guid: d7af68de435eccf4e85984b93b4b3094,
        type: 3}
      propertyPath: m_AnchorMin.y
      value: 0
      objectReference: {fileID: 0}
    - target: {fileID: 8240675282818866057, guid: d7af68de435eccf4e85984b93b4b3094,
        type: 3}
      propertyPath: m_AnchorMax.y
      value: 0
      objectReference: {fileID: 0}
    - target: {fileID: 8240675282818866057, guid: d7af68de435eccf4e85984b93b4b3094,
        type: 3}
      propertyPath: m_AnchoredPosition.x
      value: 0
      objectReference: {fileID: 0}
    - target: {fileID: 8240675282818866057, guid: d7af68de435eccf4e85984b93b4b3094,
        type: 3}
      propertyPath: m_AnchoredPosition.y
      value: 0
      objectReference: {fileID: 0}
    - target: {fileID: 8662950799251770906, guid: d7af68de435eccf4e85984b93b4b3094,
        type: 3}
      propertyPath: m_AnchorMin.y
      value: 0
      objectReference: {fileID: 0}
    - target: {fileID: 8662950799251770906, guid: d7af68de435eccf4e85984b93b4b3094,
        type: 3}
      propertyPath: m_AnchorMax.y
      value: 0
      objectReference: {fileID: 0}
    - target: {fileID: 8662950799251770906, guid: d7af68de435eccf4e85984b93b4b3094,
        type: 3}
      propertyPath: m_AnchoredPosition.x
      value: 0
      objectReference: {fileID: 0}
    - target: {fileID: 8662950799251770906, guid: d7af68de435eccf4e85984b93b4b3094,
        type: 3}
      propertyPath: m_AnchoredPosition.y
      value: 0
      objectReference: {fileID: 0}
    - target: {fileID: 8662950799251770906, guid: d7af68de435eccf4e85984b93b4b3094,
        type: 3}
      propertyPath: m_SizeDelta.x
      value: 0
      objectReference: {fileID: 0}
    - target: {fileID: 8662950799251770906, guid: d7af68de435eccf4e85984b93b4b3094,
        type: 3}
      propertyPath: m_SizeDelta.y
      value: 0
      objectReference: {fileID: 0}
    m_RemovedComponents: []
  m_SourcePrefab: {fileID: 100100000, guid: d7af68de435eccf4e85984b93b4b3094, type: 3}
--- !u!224 &8136926501962104009 stripped
RectTransform:
  m_CorrespondingSourceObject: {fileID: 2201474846468972354, guid: d7af68de435eccf4e85984b93b4b3094,
    type: 3}
  m_PrefabInstance: {fileID: 7953671675752752011}
  m_PrefabAsset: {fileID: 0}
