%YAML 1.1
%TAG !u! tag:unity3d.com,2011:
--- !u!1 &4503929047362620300
GameObject:
  m_ObjectHideFlags: 0
  m_CorrespondingSourceObject: {fileID: 0}
  m_PrefabInstance: {fileID: 0}
  m_PrefabAsset: {fileID: 0}
  serializedVersion: 6
  m_Component:
  - component: {fileID: 3082795847820313762}
  m_Layer: 0
  m_Name: NPCs (2)
  m_TagString: Untagged
  m_Icon: {fileID: 0}
  m_NavMeshLayer: 0
  m_StaticEditorFlags: 0
  m_IsActive: 1
--- !u!4 &3082795847820313762
Transform:
  m_ObjectHideFlags: 0
  m_CorrespondingSourceObject: {fileID: 0}
  m_PrefabInstance: {fileID: 0}
  m_PrefabAsset: {fileID: 0}
  m_GameObject: {fileID: 4503929047362620300}
  m_LocalRotation: {x: 0, y: 0, z: 0, w: 1}
  m_LocalPosition: {x: 0, y: 0, z: 0}
  m_LocalScale: {x: 1, y: 1, z: 1}
  m_Children:
  - {fileID: 6240521239644087230}
  - {fileID: 1781329952775866574}
  - {fileID: 7866085055376312837}
  - {fileID: 6955992098676834071}
  - {fileID: 5250642404619653498}
  - {fileID: 5646390667805546480}
  - {fileID: 478819801738545331}
  - {fileID: 4555821595611335852}
  - {fileID: 3066965688081174220}
  - {fileID: 1609106046987900456}
  m_Father: {fileID: 0}
  m_RootOrder: 0
  m_LocalEulerAnglesHint: {x: 0, y: 0, z: 0}
--- !u!1001 &480381669878423693
PrefabInstance:
  m_ObjectHideFlags: 0
  serializedVersion: 2
  m_Modification:
    m_TransformParent: {fileID: 3082795847820313762}
    m_Modifications:
    - target: {fileID: 1322722724978774, guid: f8f35b9f6cbe1fb4d88c39af030bddd4, type: 3}
      propertyPath: m_Name
      value: 459
      objectReference: {fileID: 0}
    - target: {fileID: 4420619915159614, guid: f8f35b9f6cbe1fb4d88c39af030bddd4, type: 3}
      propertyPath: m_LocalPosition.x
      value: 0.895
      objectReference: {fileID: 0}
    - target: {fileID: 4420619915159614, guid: f8f35b9f6cbe1fb4d88c39af030bddd4, type: 3}
      propertyPath: m_LocalPosition.y
      value: 1.046
      objectReference: {fileID: 0}
    - target: {fileID: 4420619915159614, guid: f8f35b9f6cbe1fb4d88c39af030bddd4, type: 3}
      propertyPath: m_LocalPosition.z
      value: 0
      objectReference: {fileID: 0}
    - target: {fileID: 4420619915159614, guid: f8f35b9f6cbe1fb4d88c39af030bddd4, type: 3}
      propertyPath: m_LocalRotation.x
      value: -0
      objectReference: {fileID: 0}
    - target: {fileID: 4420619915159614, guid: f8f35b9f6cbe1fb4d88c39af030bddd4, type: 3}
      propertyPath: m_LocalRotation.y
      value: -0
      objectReference: {fileID: 0}
    - target: {fileID: 4420619915159614, guid: f8f35b9f6cbe1fb4d88c39af030bddd4, type: 3}
      propertyPath: m_LocalRotation.z
      value: -0
      objectReference: {fileID: 0}
    - target: {fileID: 4420619915159614, guid: f8f35b9f6cbe1fb4d88c39af030bddd4, type: 3}
      propertyPath: m_LocalRotation.w
      value: 1
      objectReference: {fileID: 0}
    - target: {fileID: 4420619915159614, guid: f8f35b9f6cbe1fb4d88c39af030bddd4, type: 3}
      propertyPath: m_RootOrder
      value: 6
      objectReference: {fileID: 0}
    - target: {fileID: 4420619915159614, guid: f8f35b9f6cbe1fb4d88c39af030bddd4, type: 3}
      propertyPath: m_LocalEulerAnglesHint.x
      value: 0
      objectReference: {fileID: 0}
    - target: {fileID: 4420619915159614, guid: f8f35b9f6cbe1fb4d88c39af030bddd4, type: 3}
      propertyPath: m_LocalEulerAnglesHint.y
      value: 0
      objectReference: {fileID: 0}
    - target: {fileID: 4420619915159614, guid: f8f35b9f6cbe1fb4d88c39af030bddd4, type: 3}
      propertyPath: m_LocalEulerAnglesHint.z
      value: 0
      objectReference: {fileID: 0}
    - target: {fileID: 114912060166489536, guid: f8f35b9f6cbe1fb4d88c39af030bddd4,
        type: 3}
      propertyPath: npcData
      value: 
      objectReference: {fileID: 0}
    - target: {fileID: 114912060166489536, guid: f8f35b9f6cbe1fb4d88c39af030bddd4,
        type: 3}
      propertyPath: npcId
      value: 459
      objectReference: {fileID: 0}
    - target: {fileID: 5575320467910960297, guid: f8f35b9f6cbe1fb4d88c39af030bddd4,
        type: 3}
      propertyPath: newTexture
      value: 
      objectReference: {fileID: 2800000, guid: 6f1b3c7c7b4a5864591d983eba46eb98, type: 3}
    - target: {fileID: 224054833768133422, guid: f8f35b9f6cbe1fb4d88c39af030bddd4,
        type: 3}
      propertyPath: m_AnchorMin.y
      value: 0
      objectReference: {fileID: 0}
    - target: {fileID: 224054833768133422, guid: f8f35b9f6cbe1fb4d88c39af030bddd4,
        type: 3}
      propertyPath: m_AnchorMax.y
      value: 0
      objectReference: {fileID: 0}
    - target: {fileID: 224054833768133422, guid: f8f35b9f6cbe1fb4d88c39af030bddd4,
        type: 3}
      propertyPath: m_AnchoredPosition.x
      value: 0
      objectReference: {fileID: 0}
    - target: {fileID: 224054833768133422, guid: f8f35b9f6cbe1fb4d88c39af030bddd4,
        type: 3}
      propertyPath: m_AnchoredPosition.y
      value: 0
      objectReference: {fileID: 0}
    - target: {fileID: 224054833768133422, guid: f8f35b9f6cbe1fb4d88c39af030bddd4,
        type: 3}
      propertyPath: m_SizeDelta.x
      value: 0
      objectReference: {fileID: 0}
    - target: {fileID: 224054833768133422, guid: f8f35b9f6cbe1fb4d88c39af030bddd4,
        type: 3}
      propertyPath: m_SizeDelta.y
      value: 0
      objectReference: {fileID: 0}
    - target: {fileID: 8246330360122713945, guid: f8f35b9f6cbe1fb4d88c39af030bddd4,
        type: 3}
      propertyPath: m_Materials.Array.data[0]
      value: 
      objectReference: {fileID: 0}
    - target: {fileID: 8246330360122713945, guid: f8f35b9f6cbe1fb4d88c39af030bddd4,
        type: 3}
      propertyPath: m_Sprite
      value: 
      objectReference: {fileID: 0}
    - target: {fileID: 8246330360122713945, guid: f8f35b9f6cbe1fb4d88c39af030bddd4,
        type: 3}
      propertyPath: m_WasSpriteAssigned
      value: 0
      objectReference: {fileID: 0}
    m_RemovedComponents: []
  m_SourcePrefab: {fileID: 100100000, guid: f8f35b9f6cbe1fb4d88c39af030bddd4, type: 3}
--- !u!4 &478819801738545331 stripped
Transform:
  m_CorrespondingSourceObject: {fileID: 4420619915159614, guid: f8f35b9f6cbe1fb4d88c39af030bddd4,
    type: 3}
  m_PrefabInstance: {fileID: 480381669878423693}
  m_PrefabAsset: {fileID: 0}
--- !u!1001 &1610887800320654870
PrefabInstance:
  m_ObjectHideFlags: 0
  serializedVersion: 2
  m_Modification:
    m_TransformParent: {fileID: 3082795847820313762}
    m_Modifications:
    - target: {fileID: 1322722724978774, guid: f8f35b9f6cbe1fb4d88c39af030bddd4, type: 3}
      propertyPath: m_Name
      value: 1
      objectReference: {fileID: 0}
    - target: {fileID: 4420619915159614, guid: f8f35b9f6cbe1fb4d88c39af030bddd4, type: 3}
      propertyPath: m_LocalPosition.x
      value: -1.192
      objectReference: {fileID: 0}
    - target: {fileID: 4420619915159614, guid: f8f35b9f6cbe1fb4d88c39af030bddd4, type: 3}
      propertyPath: m_LocalPosition.y
      value: -0.041
      objectReference: {fileID: 0}
    - target: {fileID: 4420619915159614, guid: f8f35b9f6cbe1fb4d88c39af030bddd4, type: 3}
      propertyPath: m_LocalPosition.z
      value: 0
      objectReference: {fileID: 0}
    - target: {fileID: 4420619915159614, guid: f8f35b9f6cbe1fb4d88c39af030bddd4, type: 3}
      propertyPath: m_LocalRotation.x
      value: -0
      objectReference: {fileID: 0}
    - target: {fileID: 4420619915159614, guid: f8f35b9f6cbe1fb4d88c39af030bddd4, type: 3}
      propertyPath: m_LocalRotation.y
      value: -0
      objectReference: {fileID: 0}
    - target: {fileID: 4420619915159614, guid: f8f35b9f6cbe1fb4d88c39af030bddd4, type: 3}
      propertyPath: m_LocalRotation.z
      value: -0
      objectReference: {fileID: 0}
    - target: {fileID: 4420619915159614, guid: f8f35b9f6cbe1fb4d88c39af030bddd4, type: 3}
      propertyPath: m_LocalRotation.w
      value: 1
      objectReference: {fileID: 0}
    - target: {fileID: 4420619915159614, guid: f8f35b9f6cbe1fb4d88c39af030bddd4, type: 3}
      propertyPath: m_RootOrder
      value: 9
      objectReference: {fileID: 0}
    - target: {fileID: 4420619915159614, guid: f8f35b9f6cbe1fb4d88c39af030bddd4, type: 3}
      propertyPath: m_LocalEulerAnglesHint.x
      value: 0
      objectReference: {fileID: 0}
    - target: {fileID: 4420619915159614, guid: f8f35b9f6cbe1fb4d88c39af030bddd4, type: 3}
      propertyPath: m_LocalEulerAnglesHint.y
      value: 0
      objectReference: {fileID: 0}
    - target: {fileID: 4420619915159614, guid: f8f35b9f6cbe1fb4d88c39af030bddd4, type: 3}
      propertyPath: m_LocalEulerAnglesHint.z
      value: 0
      objectReference: {fileID: 0}
    - target: {fileID: 114912060166489536, guid: f8f35b9f6cbe1fb4d88c39af030bddd4,
        type: 3}
      propertyPath: npcData
      value: 
      objectReference: {fileID: 0}
    - target: {fileID: 114912060166489536, guid: f8f35b9f6cbe1fb4d88c39af030bddd4,
        type: 3}
      propertyPath: npcId
      value: 1
      objectReference: {fileID: 0}
    - target: {fileID: 5575320467910960297, guid: f8f35b9f6cbe1fb4d88c39af030bddd4,
        type: 3}
      propertyPath: newTexture
      value: 
      objectReference: {fileID: 2800000, guid: 6f1b3c7c7b4a5864591d983eba46eb98, type: 3}
    - target: {fileID: 224054833768133422, guid: f8f35b9f6cbe1fb4d88c39af030bddd4,
        type: 3}
      propertyPath: m_AnchorMin.y
      value: 0
      objectReference: {fileID: 0}
    - target: {fileID: 224054833768133422, guid: f8f35b9f6cbe1fb4d88c39af030bddd4,
        type: 3}
      propertyPath: m_AnchorMax.y
      value: 0
      objectReference: {fileID: 0}
    - target: {fileID: 224054833768133422, guid: f8f35b9f6cbe1fb4d88c39af030bddd4,
        type: 3}
      propertyPath: m_AnchoredPosition.x
      value: 0
      objectReference: {fileID: 0}
    - target: {fileID: 224054833768133422, guid: f8f35b9f6cbe1fb4d88c39af030bddd4,
        type: 3}
      propertyPath: m_AnchoredPosition.y
      value: 0
      objectReference: {fileID: 0}
    - target: {fileID: 224054833768133422, guid: f8f35b9f6cbe1fb4d88c39af030bddd4,
        type: 3}
      propertyPath: m_SizeDelta.x
      value: 0
      objectReference: {fileID: 0}
    - target: {fileID: 224054833768133422, guid: f8f35b9f6cbe1fb4d88c39af030bddd4,
        type: 3}
      propertyPath: m_SizeDelta.y
      value: 0
      objectReference: {fileID: 0}
    - target: {fileID: 8246330360122713945, guid: f8f35b9f6cbe1fb4d88c39af030bddd4,
        type: 3}
      propertyPath: m_Materials.Array.data[0]
      value: 
      objectReference: {fileID: 0}
    - target: {fileID: 8246330360122713945, guid: f8f35b9f6cbe1fb4d88c39af030bddd4,
        type: 3}
      propertyPath: m_Sprite
      value: 
      objectReference: {fileID: 0}
    - target: {fileID: 8246330360122713945, guid: f8f35b9f6cbe1fb4d88c39af030bddd4,
        type: 3}
      propertyPath: m_WasSpriteAssigned
      value: 0
      objectReference: {fileID: 0}
    m_RemovedComponents: []
  m_SourcePrefab: {fileID: 100100000, guid: f8f35b9f6cbe1fb4d88c39af030bddd4, type: 3}
--- !u!4 &1609106046987900456 stripped
Transform:
  m_CorrespondingSourceObject: {fileID: 4420619915159614, guid: f8f35b9f6cbe1fb4d88c39af030bddd4,
    type: 3}
  m_PrefabInstance: {fileID: 1610887800320654870}
  m_PrefabAsset: {fileID: 0}
--- !u!1001 &1780956639491449072
PrefabInstance:
  m_ObjectHideFlags: 0
  serializedVersion: 2
  m_Modification:
    m_TransformParent: {fileID: 3082795847820313762}
    m_Modifications:
    - target: {fileID: 1322722724978774, guid: f8f35b9f6cbe1fb4d88c39af030bddd4, type: 3}
      propertyPath: m_Name
      value: 452
      objectReference: {fileID: 0}
    - target: {fileID: 4420619915159614, guid: f8f35b9f6cbe1fb4d88c39af030bddd4, type: 3}
      propertyPath: m_LocalPosition.x
      value: 0
      objectReference: {fileID: 0}
    - target: {fileID: 4420619915159614, guid: f8f35b9f6cbe1fb4d88c39af030bddd4, type: 3}
      propertyPath: m_LocalPosition.y
      value: 0
      objectReference: {fileID: 0}
    - target: {fileID: 4420619915159614, guid: f8f35b9f6cbe1fb4d88c39af030bddd4, type: 3}
      propertyPath: m_LocalPosition.z
      value: 0
      objectReference: {fileID: 0}
    - target: {fileID: 4420619915159614, guid: f8f35b9f6cbe1fb4d88c39af030bddd4, type: 3}
      propertyPath: m_LocalRotation.x
      value: -0
      objectReference: {fileID: 0}
    - target: {fileID: 4420619915159614, guid: f8f35b9f6cbe1fb4d88c39af030bddd4, type: 3}
      propertyPath: m_LocalRotation.y
      value: -0
      objectReference: {fileID: 0}
    - target: {fileID: 4420619915159614, guid: f8f35b9f6cbe1fb4d88c39af030bddd4, type: 3}
      propertyPath: m_LocalRotation.z
      value: -0
      objectReference: {fileID: 0}
    - target: {fileID: 4420619915159614, guid: f8f35b9f6cbe1fb4d88c39af030bddd4, type: 3}
      propertyPath: m_LocalRotation.w
      value: 1
      objectReference: {fileID: 0}
    - target: {fileID: 4420619915159614, guid: f8f35b9f6cbe1fb4d88c39af030bddd4, type: 3}
      propertyPath: m_RootOrder
      value: 1
      objectReference: {fileID: 0}
    - target: {fileID: 4420619915159614, guid: f8f35b9f6cbe1fb4d88c39af030bddd4, type: 3}
      propertyPath: m_LocalEulerAnglesHint.x
      value: 0
      objectReference: {fileID: 0}
    - target: {fileID: 4420619915159614, guid: f8f35b9f6cbe1fb4d88c39af030bddd4, type: 3}
      propertyPath: m_LocalEulerAnglesHint.y
      value: 0
      objectReference: {fileID: 0}
    - target: {fileID: 4420619915159614, guid: f8f35b9f6cbe1fb4d88c39af030bddd4, type: 3}
      propertyPath: m_LocalEulerAnglesHint.z
      value: 0
      objectReference: {fileID: 0}
    - target: {fileID: 114912060166489536, guid: f8f35b9f6cbe1fb4d88c39af030bddd4,
        type: 3}
      propertyPath: npcData
      value: 
      objectReference: {fileID: 0}
    - target: {fileID: 114912060166489536, guid: f8f35b9f6cbe1fb4d88c39af030bddd4,
        type: 3}
      propertyPath: npcId
      value: 452
      objectReference: {fileID: 0}
    - target: {fileID: 5575320467910960297, guid: f8f35b9f6cbe1fb4d88c39af030bddd4,
        type: 3}
      propertyPath: newTexture
      value: 
      objectReference: {fileID: 2800000, guid: 6f1b3c7c7b4a5864591d983eba46eb98, type: 3}
    - target: {fileID: 224054833768133422, guid: f8f35b9f6cbe1fb4d88c39af030bddd4,
        type: 3}
      propertyPath: m_AnchorMin.y
      value: 0
      objectReference: {fileID: 0}
    - target: {fileID: 224054833768133422, guid: f8f35b9f6cbe1fb4d88c39af030bddd4,
        type: 3}
      propertyPath: m_AnchorMax.y
      value: 0
      objectReference: {fileID: 0}
    - target: {fileID: 224054833768133422, guid: f8f35b9f6cbe1fb4d88c39af030bddd4,
        type: 3}
      propertyPath: m_AnchoredPosition.x
      value: 0
      objectReference: {fileID: 0}
    - target: {fileID: 224054833768133422, guid: f8f35b9f6cbe1fb4d88c39af030bddd4,
        type: 3}
      propertyPath: m_AnchoredPosition.y
      value: 0
      objectReference: {fileID: 0}
    - target: {fileID: 224054833768133422, guid: f8f35b9f6cbe1fb4d88c39af030bddd4,
        type: 3}
      propertyPath: m_SizeDelta.x
      value: 0
      objectReference: {fileID: 0}
    - target: {fileID: 224054833768133422, guid: f8f35b9f6cbe1fb4d88c39af030bddd4,
        type: 3}
      propertyPath: m_SizeDelta.y
      value: 0
      objectReference: {fileID: 0}
    - target: {fileID: 8246330360122713945, guid: f8f35b9f6cbe1fb4d88c39af030bddd4,
        type: 3}
      propertyPath: m_Materials.Array.data[0]
      value: 
      objectReference: {fileID: 0}
    - target: {fileID: 8246330360122713945, guid: f8f35b9f6cbe1fb4d88c39af030bddd4,
        type: 3}
      propertyPath: m_Sprite
      value: 
      objectReference: {fileID: 0}
    - target: {fileID: 8246330360122713945, guid: f8f35b9f6cbe1fb4d88c39af030bddd4,
        type: 3}
      propertyPath: m_WasSpriteAssigned
      value: 0
      objectReference: {fileID: 0}
    m_RemovedComponents: []
  m_SourcePrefab: {fileID: 100100000, guid: f8f35b9f6cbe1fb4d88c39af030bddd4, type: 3}
--- !u!4 &1781329952775866574 stripped
Transform:
  m_CorrespondingSourceObject: {fileID: 4420619915159614, guid: f8f35b9f6cbe1fb4d88c39af030bddd4,
    type: 3}
  m_PrefabInstance: {fileID: 1780956639491449072}
  m_PrefabAsset: {fileID: 0}
--- !u!1001 &3071377486128948978
PrefabInstance:
  m_ObjectHideFlags: 0
  serializedVersion: 2
  m_Modification:
    m_TransformParent: {fileID: 3082795847820313762}
    m_Modifications:
    - target: {fileID: 1322722724978774, guid: f8f35b9f6cbe1fb4d88c39af030bddd4, type: 3}
      propertyPath: m_Name
      value: 458
      objectReference: {fileID: 0}
    - target: {fileID: 4420619915159614, guid: f8f35b9f6cbe1fb4d88c39af030bddd4, type: 3}
      propertyPath: m_LocalPosition.x
      value: 1.026
      objectReference: {fileID: 0}
    - target: {fileID: 4420619915159614, guid: f8f35b9f6cbe1fb4d88c39af030bddd4, type: 3}
      propertyPath: m_LocalPosition.y
      value: -1.163
      objectReference: {fileID: 0}
    - target: {fileID: 4420619915159614, guid: f8f35b9f6cbe1fb4d88c39af030bddd4, type: 3}
      propertyPath: m_LocalPosition.z
      value: 0
      objectReference: {fileID: 0}
    - target: {fileID: 4420619915159614, guid: f8f35b9f6cbe1fb4d88c39af030bddd4, type: 3}
      propertyPath: m_LocalRotation.x
      value: -0
      objectReference: {fileID: 0}
    - target: {fileID: 4420619915159614, guid: f8f35b9f6cbe1fb4d88c39af030bddd4, type: 3}
      propertyPath: m_LocalRotation.y
      value: -0
      objectReference: {fileID: 0}
    - target: {fileID: 4420619915159614, guid: f8f35b9f6cbe1fb4d88c39af030bddd4, type: 3}
      propertyPath: m_LocalRotation.z
      value: -0
      objectReference: {fileID: 0}
    - target: {fileID: 4420619915159614, guid: f8f35b9f6cbe1fb4d88c39af030bddd4, type: 3}
      propertyPath: m_LocalRotation.w
      value: 1
      objectReference: {fileID: 0}
    - target: {fileID: 4420619915159614, guid: f8f35b9f6cbe1fb4d88c39af030bddd4, type: 3}
      propertyPath: m_RootOrder
      value: 8
      objectReference: {fileID: 0}
    - target: {fileID: 4420619915159614, guid: f8f35b9f6cbe1fb4d88c39af030bddd4, type: 3}
      propertyPath: m_LocalEulerAnglesHint.x
      value: 0
      objectReference: {fileID: 0}
    - target: {fileID: 4420619915159614, guid: f8f35b9f6cbe1fb4d88c39af030bddd4, type: 3}
      propertyPath: m_LocalEulerAnglesHint.y
      value: 0
      objectReference: {fileID: 0}
    - target: {fileID: 4420619915159614, guid: f8f35b9f6cbe1fb4d88c39af030bddd4, type: 3}
      propertyPath: m_LocalEulerAnglesHint.z
      value: 0
      objectReference: {fileID: 0}
    - target: {fileID: 114912060166489536, guid: f8f35b9f6cbe1fb4d88c39af030bddd4,
        type: 3}
      propertyPath: npcData
      value: 
      objectReference: {fileID: 0}
    - target: {fileID: 114912060166489536, guid: f8f35b9f6cbe1fb4d88c39af030bddd4,
        type: 3}
      propertyPath: npcId
      value: 458
      objectReference: {fileID: 0}
    - target: {fileID: 5575320467910960297, guid: f8f35b9f6cbe1fb4d88c39af030bddd4,
        type: 3}
      propertyPath: newTexture
      value: 
      objectReference: {fileID: 2800000, guid: 6f1b3c7c7b4a5864591d983eba46eb98, type: 3}
    - target: {fileID: 224054833768133422, guid: f8f35b9f6cbe1fb4d88c39af030bddd4,
        type: 3}
      propertyPath: m_AnchorMin.y
      value: 0
      objectReference: {fileID: 0}
    - target: {fileID: 224054833768133422, guid: f8f35b9f6cbe1fb4d88c39af030bddd4,
        type: 3}
      propertyPath: m_AnchorMax.y
      value: 0
      objectReference: {fileID: 0}
    - target: {fileID: 224054833768133422, guid: f8f35b9f6cbe1fb4d88c39af030bddd4,
        type: 3}
      propertyPath: m_AnchoredPosition.x
      value: 0
      objectReference: {fileID: 0}
    - target: {fileID: 224054833768133422, guid: f8f35b9f6cbe1fb4d88c39af030bddd4,
        type: 3}
      propertyPath: m_AnchoredPosition.y
      value: 0
      objectReference: {fileID: 0}
    - target: {fileID: 224054833768133422, guid: f8f35b9f6cbe1fb4d88c39af030bddd4,
        type: 3}
      propertyPath: m_SizeDelta.x
      value: 0
      objectReference: {fileID: 0}
    - target: {fileID: 224054833768133422, guid: f8f35b9f6cbe1fb4d88c39af030bddd4,
        type: 3}
      propertyPath: m_SizeDelta.y
      value: 0
      objectReference: {fileID: 0}
    - target: {fileID: 8246330360122713945, guid: f8f35b9f6cbe1fb4d88c39af030bddd4,
        type: 3}
      propertyPath: m_Materials.Array.data[0]
      value: 
      objectReference: {fileID: 0}
    - target: {fileID: 8246330360122713945, guid: f8f35b9f6cbe1fb4d88c39af030bddd4,
        type: 3}
      propertyPath: m_Sprite
      value: 
      objectReference: {fileID: 0}
    - target: {fileID: 8246330360122713945, guid: f8f35b9f6cbe1fb4d88c39af030bddd4,
        type: 3}
      propertyPath: m_WasSpriteAssigned
      value: 0
      objectReference: {fileID: 0}
    m_RemovedComponents: []
  m_SourcePrefab: {fileID: 100100000, guid: f8f35b9f6cbe1fb4d88c39af030bddd4, type: 3}
--- !u!4 &3066965688081174220 stripped
Transform:
  m_CorrespondingSourceObject: {fileID: 4420619915159614, guid: f8f35b9f6cbe1fb4d88c39af030bddd4,
    type: 3}
  m_PrefabInstance: {fileID: 3071377486128948978}
  m_PrefabAsset: {fileID: 0}
--- !u!1001 &4554884275963258002
PrefabInstance:
  m_ObjectHideFlags: 0
  serializedVersion: 2
  m_Modification:
    m_TransformParent: {fileID: 3082795847820313762}
    m_Modifications:
    - target: {fileID: 1322722724978774, guid: f8f35b9f6cbe1fb4d88c39af030bddd4, type: 3}
      propertyPath: m_Name
      value: 457
      objectReference: {fileID: 0}
    - target: {fileID: 4420619915159614, guid: f8f35b9f6cbe1fb4d88c39af030bddd4, type: 3}
      propertyPath: m_LocalPosition.x
      value: -0.861
      objectReference: {fileID: 0}
    - target: {fileID: 4420619915159614, guid: f8f35b9f6cbe1fb4d88c39af030bddd4, type: 3}
      propertyPath: m_LocalPosition.y
      value: -1.136
      objectReference: {fileID: 0}
    - target: {fileID: 4420619915159614, guid: f8f35b9f6cbe1fb4d88c39af030bddd4, type: 3}
      propertyPath: m_LocalPosition.z
      value: 0
      objectReference: {fileID: 0}
    - target: {fileID: 4420619915159614, guid: f8f35b9f6cbe1fb4d88c39af030bddd4, type: 3}
      propertyPath: m_LocalRotation.x
      value: -0
      objectReference: {fileID: 0}
    - target: {fileID: 4420619915159614, guid: f8f35b9f6cbe1fb4d88c39af030bddd4, type: 3}
      propertyPath: m_LocalRotation.y
      value: -0
      objectReference: {fileID: 0}
    - target: {fileID: 4420619915159614, guid: f8f35b9f6cbe1fb4d88c39af030bddd4, type: 3}
      propertyPath: m_LocalRotation.z
      value: -0
      objectReference: {fileID: 0}
    - target: {fileID: 4420619915159614, guid: f8f35b9f6cbe1fb4d88c39af030bddd4, type: 3}
      propertyPath: m_LocalRotation.w
      value: 1
      objectReference: {fileID: 0}
    - target: {fileID: 4420619915159614, guid: f8f35b9f6cbe1fb4d88c39af030bddd4, type: 3}
      propertyPath: m_RootOrder
      value: 7
      objectReference: {fileID: 0}
    - target: {fileID: 4420619915159614, guid: f8f35b9f6cbe1fb4d88c39af030bddd4, type: 3}
      propertyPath: m_LocalEulerAnglesHint.x
      value: 0
      objectReference: {fileID: 0}
    - target: {fileID: 4420619915159614, guid: f8f35b9f6cbe1fb4d88c39af030bddd4, type: 3}
      propertyPath: m_LocalEulerAnglesHint.y
      value: 0
      objectReference: {fileID: 0}
    - target: {fileID: 4420619915159614, guid: f8f35b9f6cbe1fb4d88c39af030bddd4, type: 3}
      propertyPath: m_LocalEulerAnglesHint.z
      value: 0
      objectReference: {fileID: 0}
    - target: {fileID: 114912060166489536, guid: f8f35b9f6cbe1fb4d88c39af030bddd4,
        type: 3}
      propertyPath: npcData
      value: 
      objectReference: {fileID: 0}
    - target: {fileID: 114912060166489536, guid: f8f35b9f6cbe1fb4d88c39af030bddd4,
        type: 3}
      propertyPath: npcId
      value: 457
      objectReference: {fileID: 0}
    - target: {fileID: 5575320467910960297, guid: f8f35b9f6cbe1fb4d88c39af030bddd4,
        type: 3}
      propertyPath: newTexture
      value: 
      objectReference: {fileID: 2800000, guid: 6f1b3c7c7b4a5864591d983eba46eb98, type: 3}
    - target: {fileID: 224054833768133422, guid: f8f35b9f6cbe1fb4d88c39af030bddd4,
        type: 3}
      propertyPath: m_AnchorMin.y
      value: 0
      objectReference: {fileID: 0}
    - target: {fileID: 224054833768133422, guid: f8f35b9f6cbe1fb4d88c39af030bddd4,
        type: 3}
      propertyPath: m_AnchorMax.y
      value: 0
      objectReference: {fileID: 0}
    - target: {fileID: 224054833768133422, guid: f8f35b9f6cbe1fb4d88c39af030bddd4,
        type: 3}
      propertyPath: m_AnchoredPosition.x
      value: 0
      objectReference: {fileID: 0}
    - target: {fileID: 224054833768133422, guid: f8f35b9f6cbe1fb4d88c39af030bddd4,
        type: 3}
      propertyPath: m_AnchoredPosition.y
      value: 0
      objectReference: {fileID: 0}
    - target: {fileID: 224054833768133422, guid: f8f35b9f6cbe1fb4d88c39af030bddd4,
        type: 3}
      propertyPath: m_SizeDelta.x
      value: 0
      objectReference: {fileID: 0}
    - target: {fileID: 224054833768133422, guid: f8f35b9f6cbe1fb4d88c39af030bddd4,
        type: 3}
      propertyPath: m_SizeDelta.y
      value: 0
      objectReference: {fileID: 0}
    - target: {fileID: 8246330360122713945, guid: f8f35b9f6cbe1fb4d88c39af030bddd4,
        type: 3}
      propertyPath: m_Materials.Array.data[0]
      value: 
      objectReference: {fileID: 0}
    - target: {fileID: 8246330360122713945, guid: f8f35b9f6cbe1fb4d88c39af030bddd4,
        type: 3}
      propertyPath: m_Sprite
      value: 
      objectReference: {fileID: 0}
    - target: {fileID: 8246330360122713945, guid: f8f35b9f6cbe1fb4d88c39af030bddd4,
        type: 3}
      propertyPath: m_WasSpriteAssigned
      value: 0
      objectReference: {fileID: 0}
    m_RemovedComponents: []
  m_SourcePrefab: {fileID: 100100000, guid: f8f35b9f6cbe1fb4d88c39af030bddd4, type: 3}
--- !u!4 &4555821595611335852 stripped
Transform:
  m_CorrespondingSourceObject: {fileID: 4420619915159614, guid: f8f35b9f6cbe1fb4d88c39af030bddd4,
    type: 3}
  m_PrefabInstance: {fileID: 4554884275963258002}
  m_PrefabAsset: {fileID: 0}
--- !u!1001 &5247172907562432836
PrefabInstance:
  m_ObjectHideFlags: 0
  serializedVersion: 2
  m_Modification:
    m_TransformParent: {fileID: 3082795847820313762}
    m_Modifications:
    - target: {fileID: 1322722724978774, guid: f8f35b9f6cbe1fb4d88c39af030bddd4, type: 3}
      propertyPath: m_Name
      value: 455
      objectReference: {fileID: 0}
    - target: {fileID: 4420619915159614, guid: f8f35b9f6cbe1fb4d88c39af030bddd4, type: 3}
      propertyPath: m_LocalPosition.x
      value: 0
      objectReference: {fileID: 0}
    - target: {fileID: 4420619915159614, guid: f8f35b9f6cbe1fb4d88c39af030bddd4, type: 3}
      propertyPath: m_LocalPosition.y
      value: -1.04
      objectReference: {fileID: 0}
    - target: {fileID: 4420619915159614, guid: f8f35b9f6cbe1fb4d88c39af030bddd4, type: 3}
      propertyPath: m_LocalPosition.z
      value: 0
      objectReference: {fileID: 0}
    - target: {fileID: 4420619915159614, guid: f8f35b9f6cbe1fb4d88c39af030bddd4, type: 3}
      propertyPath: m_LocalRotation.x
      value: -0
      objectReference: {fileID: 0}
    - target: {fileID: 4420619915159614, guid: f8f35b9f6cbe1fb4d88c39af030bddd4, type: 3}
      propertyPath: m_LocalRotation.y
      value: -0
      objectReference: {fileID: 0}
    - target: {fileID: 4420619915159614, guid: f8f35b9f6cbe1fb4d88c39af030bddd4, type: 3}
      propertyPath: m_LocalRotation.z
      value: -0
      objectReference: {fileID: 0}
    - target: {fileID: 4420619915159614, guid: f8f35b9f6cbe1fb4d88c39af030bddd4, type: 3}
      propertyPath: m_LocalRotation.w
      value: 1
      objectReference: {fileID: 0}
    - target: {fileID: 4420619915159614, guid: f8f35b9f6cbe1fb4d88c39af030bddd4, type: 3}
      propertyPath: m_RootOrder
      value: 4
      objectReference: {fileID: 0}
    - target: {fileID: 4420619915159614, guid: f8f35b9f6cbe1fb4d88c39af030bddd4, type: 3}
      propertyPath: m_LocalEulerAnglesHint.x
      value: 0
      objectReference: {fileID: 0}
    - target: {fileID: 4420619915159614, guid: f8f35b9f6cbe1fb4d88c39af030bddd4, type: 3}
      propertyPath: m_LocalEulerAnglesHint.y
      value: 0
      objectReference: {fileID: 0}
    - target: {fileID: 4420619915159614, guid: f8f35b9f6cbe1fb4d88c39af030bddd4, type: 3}
      propertyPath: m_LocalEulerAnglesHint.z
      value: 0
      objectReference: {fileID: 0}
    - target: {fileID: 114912060166489536, guid: f8f35b9f6cbe1fb4d88c39af030bddd4,
        type: 3}
      propertyPath: npcData
      value: 
      objectReference: {fileID: 0}
    - target: {fileID: 114912060166489536, guid: f8f35b9f6cbe1fb4d88c39af030bddd4,
        type: 3}
      propertyPath: npcId
      value: 455
      objectReference: {fileID: 0}
    - target: {fileID: 5575320467910960297, guid: f8f35b9f6cbe1fb4d88c39af030bddd4,
        type: 3}
      propertyPath: newTexture
      value: 
      objectReference: {fileID: 2800000, guid: 6f1b3c7c7b4a5864591d983eba46eb98, type: 3}
    - target: {fileID: 224054833768133422, guid: f8f35b9f6cbe1fb4d88c39af030bddd4,
        type: 3}
      propertyPath: m_AnchorMin.y
      value: 0
      objectReference: {fileID: 0}
    - target: {fileID: 224054833768133422, guid: f8f35b9f6cbe1fb4d88c39af030bddd4,
        type: 3}
      propertyPath: m_AnchorMax.y
      value: 0
      objectReference: {fileID: 0}
    - target: {fileID: 224054833768133422, guid: f8f35b9f6cbe1fb4d88c39af030bddd4,
        type: 3}
      propertyPath: m_AnchoredPosition.x
      value: 0
      objectReference: {fileID: 0}
    - target: {fileID: 224054833768133422, guid: f8f35b9f6cbe1fb4d88c39af030bddd4,
        type: 3}
      propertyPath: m_AnchoredPosition.y
      value: 0
      objectReference: {fileID: 0}
    - target: {fileID: 224054833768133422, guid: f8f35b9f6cbe1fb4d88c39af030bddd4,
        type: 3}
      propertyPath: m_SizeDelta.x
      value: 0
      objectReference: {fileID: 0}
    - target: {fileID: 224054833768133422, guid: f8f35b9f6cbe1fb4d88c39af030bddd4,
        type: 3}
      propertyPath: m_SizeDelta.y
      value: 0
      objectReference: {fileID: 0}
    - target: {fileID: 8246330360122713945, guid: f8f35b9f6cbe1fb4d88c39af030bddd4,
        type: 3}
      propertyPath: m_Materials.Array.data[0]
      value: 
      objectReference: {fileID: 0}
    - target: {fileID: 8246330360122713945, guid: f8f35b9f6cbe1fb4d88c39af030bddd4,
        type: 3}
      propertyPath: m_Sprite
      value: 
      objectReference: {fileID: 0}
    - target: {fileID: 8246330360122713945, guid: f8f35b9f6cbe1fb4d88c39af030bddd4,
        type: 3}
      propertyPath: m_WasSpriteAssigned
      value: 0
      objectReference: {fileID: 0}
    m_RemovedComponents: []
  m_SourcePrefab: {fileID: 100100000, guid: f8f35b9f6cbe1fb4d88c39af030bddd4, type: 3}
--- !u!4 &5250642404619653498 stripped
Transform:
  m_CorrespondingSourceObject: {fileID: 4420619915159614, guid: f8f35b9f6cbe1fb4d88c39af030bddd4,
    type: 3}
  m_PrefabInstance: {fileID: 5247172907562432836}
  m_PrefabAsset: {fileID: 0}
--- !u!1001 &5644055840980451278
PrefabInstance:
  m_ObjectHideFlags: 0
  serializedVersion: 2
  m_Modification:
    m_TransformParent: {fileID: 3082795847820313762}
    m_Modifications:
    - target: {fileID: 1322722724978774, guid: f8f35b9f6cbe1fb4d88c39af030bddd4, type: 3}
      propertyPath: m_Name
      value: 456
      objectReference: {fileID: 0}
    - target: {fileID: 4420619915159614, guid: f8f35b9f6cbe1fb4d88c39af030bddd4, type: 3}
      propertyPath: m_LocalPosition.x
      value: -0.923
      objectReference: {fileID: 0}
    - target: {fileID: 4420619915159614, guid: f8f35b9f6cbe1fb4d88c39af030bddd4, type: 3}
      propertyPath: m_LocalPosition.y
      value: 1.053
      objectReference: {fileID: 0}
    - target: {fileID: 4420619915159614, guid: f8f35b9f6cbe1fb4d88c39af030bddd4, type: 3}
      propertyPath: m_LocalPosition.z
      value: 0
      objectReference: {fileID: 0}
    - target: {fileID: 4420619915159614, guid: f8f35b9f6cbe1fb4d88c39af030bddd4, type: 3}
      propertyPath: m_LocalRotation.x
      value: -0
      objectReference: {fileID: 0}
    - target: {fileID: 4420619915159614, guid: f8f35b9f6cbe1fb4d88c39af030bddd4, type: 3}
      propertyPath: m_LocalRotation.y
      value: -0
      objectReference: {fileID: 0}
    - target: {fileID: 4420619915159614, guid: f8f35b9f6cbe1fb4d88c39af030bddd4, type: 3}
      propertyPath: m_LocalRotation.z
      value: -0
      objectReference: {fileID: 0}
    - target: {fileID: 4420619915159614, guid: f8f35b9f6cbe1fb4d88c39af030bddd4, type: 3}
      propertyPath: m_LocalRotation.w
      value: 1
      objectReference: {fileID: 0}
    - target: {fileID: 4420619915159614, guid: f8f35b9f6cbe1fb4d88c39af030bddd4, type: 3}
      propertyPath: m_RootOrder
      value: 5
      objectReference: {fileID: 0}
    - target: {fileID: 4420619915159614, guid: f8f35b9f6cbe1fb4d88c39af030bddd4, type: 3}
      propertyPath: m_LocalEulerAnglesHint.x
      value: 0
      objectReference: {fileID: 0}
    - target: {fileID: 4420619915159614, guid: f8f35b9f6cbe1fb4d88c39af030bddd4, type: 3}
      propertyPath: m_LocalEulerAnglesHint.y
      value: 0
      objectReference: {fileID: 0}
    - target: {fileID: 4420619915159614, guid: f8f35b9f6cbe1fb4d88c39af030bddd4, type: 3}
      propertyPath: m_LocalEulerAnglesHint.z
      value: 0
      objectReference: {fileID: 0}
    - target: {fileID: 114912060166489536, guid: f8f35b9f6cbe1fb4d88c39af030bddd4,
        type: 3}
      propertyPath: npcData
      value: 
      objectReference: {fileID: 0}
    - target: {fileID: 114912060166489536, guid: f8f35b9f6cbe1fb4d88c39af030bddd4,
        type: 3}
      propertyPath: npcId
      value: 456
      objectReference: {fileID: 0}
    - target: {fileID: 5575320467910960297, guid: f8f35b9f6cbe1fb4d88c39af030bddd4,
        type: 3}
      propertyPath: newTexture
      value: 
      objectReference: {fileID: 2800000, guid: 6f1b3c7c7b4a5864591d983eba46eb98, type: 3}
    - target: {fileID: 224054833768133422, guid: f8f35b9f6cbe1fb4d88c39af030bddd4,
        type: 3}
      propertyPath: m_AnchorMin.y
      value: 0
      objectReference: {fileID: 0}
    - target: {fileID: 224054833768133422, guid: f8f35b9f6cbe1fb4d88c39af030bddd4,
        type: 3}
      propertyPath: m_AnchorMax.y
      value: 0
      objectReference: {fileID: 0}
    - target: {fileID: 224054833768133422, guid: f8f35b9f6cbe1fb4d88c39af030bddd4,
        type: 3}
      propertyPath: m_AnchoredPosition.x
      value: 0
      objectReference: {fileID: 0}
    - target: {fileID: 224054833768133422, guid: f8f35b9f6cbe1fb4d88c39af030bddd4,
        type: 3}
      propertyPath: m_AnchoredPosition.y
      value: 0
      objectReference: {fileID: 0}
    - target: {fileID: 224054833768133422, guid: f8f35b9f6cbe1fb4d88c39af030bddd4,
        type: 3}
      propertyPath: m_SizeDelta.x
      value: 0
      objectReference: {fileID: 0}
    - target: {fileID: 224054833768133422, guid: f8f35b9f6cbe1fb4d88c39af030bddd4,
        type: 3}
      propertyPath: m_SizeDelta.y
      value: 0
      objectReference: {fileID: 0}
    - target: {fileID: 8246330360122713945, guid: f8f35b9f6cbe1fb4d88c39af030bddd4,
        type: 3}
      propertyPath: m_Materials.Array.data[0]
      value: 
      objectReference: {fileID: 0}
    - target: {fileID: 8246330360122713945, guid: f8f35b9f6cbe1fb4d88c39af030bddd4,
        type: 3}
      propertyPath: m_Sprite
      value: 
      objectReference: {fileID: 0}
    - target: {fileID: 8246330360122713945, guid: f8f35b9f6cbe1fb4d88c39af030bddd4,
        type: 3}
      propertyPath: m_WasSpriteAssigned
      value: 0
      objectReference: {fileID: 0}
    m_RemovedComponents: []
  m_SourcePrefab: {fileID: 100100000, guid: f8f35b9f6cbe1fb4d88c39af030bddd4, type: 3}
--- !u!4 &5646390667805546480 stripped
Transform:
  m_CorrespondingSourceObject: {fileID: 4420619915159614, guid: f8f35b9f6cbe1fb4d88c39af030bddd4,
    type: 3}
  m_PrefabInstance: {fileID: 5644055840980451278}
  m_PrefabAsset: {fileID: 0}
--- !u!1001 &6239030878404529024
PrefabInstance:
  m_ObjectHideFlags: 0
  serializedVersion: 2
  m_Modification:
    m_TransformParent: {fileID: 3082795847820313762}
    m_Modifications:
    - target: {fileID: 1322722724978774, guid: f8f35b9f6cbe1fb4d88c39af030bddd4, type: 3}
      propertyPath: m_Name
      value: 451
      objectReference: {fileID: 0}
    - target: {fileID: 4420619915159614, guid: f8f35b9f6cbe1fb4d88c39af030bddd4, type: 3}
      propertyPath: m_LocalPosition.x
      value: -0.551
      objectReference: {fileID: 0}
    - target: {fileID: 4420619915159614, guid: f8f35b9f6cbe1fb4d88c39af030bddd4, type: 3}
      propertyPath: m_LocalPosition.y
      value: 0
      objectReference: {fileID: 0}
    - target: {fileID: 4420619915159614, guid: f8f35b9f6cbe1fb4d88c39af030bddd4, type: 3}
      propertyPath: m_LocalPosition.z
      value: 0
      objectReference: {fileID: 0}
    - target: {fileID: 4420619915159614, guid: f8f35b9f6cbe1fb4d88c39af030bddd4, type: 3}
      propertyPath: m_LocalRotation.x
      value: -0
      objectReference: {fileID: 0}
    - target: {fileID: 4420619915159614, guid: f8f35b9f6cbe1fb4d88c39af030bddd4, type: 3}
      propertyPath: m_LocalRotation.y
      value: -0
      objectReference: {fileID: 0}
    - target: {fileID: 4420619915159614, guid: f8f35b9f6cbe1fb4d88c39af030bddd4, type: 3}
      propertyPath: m_LocalRotation.z
      value: -0
      objectReference: {fileID: 0}
    - target: {fileID: 4420619915159614, guid: f8f35b9f6cbe1fb4d88c39af030bddd4, type: 3}
      propertyPath: m_LocalRotation.w
      value: 1
      objectReference: {fileID: 0}
    - target: {fileID: 4420619915159614, guid: f8f35b9f6cbe1fb4d88c39af030bddd4, type: 3}
      propertyPath: m_RootOrder
      value: 0
      objectReference: {fileID: 0}
    - target: {fileID: 4420619915159614, guid: f8f35b9f6cbe1fb4d88c39af030bddd4, type: 3}
      propertyPath: m_LocalEulerAnglesHint.x
      value: 0
      objectReference: {fileID: 0}
    - target: {fileID: 4420619915159614, guid: f8f35b9f6cbe1fb4d88c39af030bddd4, type: 3}
      propertyPath: m_LocalEulerAnglesHint.y
      value: 0
      objectReference: {fileID: 0}
    - target: {fileID: 4420619915159614, guid: f8f35b9f6cbe1fb4d88c39af030bddd4, type: 3}
      propertyPath: m_LocalEulerAnglesHint.z
      value: 0
      objectReference: {fileID: 0}
    - target: {fileID: 114912060166489536, guid: f8f35b9f6cbe1fb4d88c39af030bddd4,
        type: 3}
      propertyPath: npcData
      value: 
      objectReference: {fileID: 0}
    - target: {fileID: 114912060166489536, guid: f8f35b9f6cbe1fb4d88c39af030bddd4,
        type: 3}
      propertyPath: npcId
      value: 451
      objectReference: {fileID: 0}
    - target: {fileID: 5575320467910960297, guid: f8f35b9f6cbe1fb4d88c39af030bddd4,
        type: 3}
      propertyPath: newTexture
      value: 
      objectReference: {fileID: 2800000, guid: 6f1b3c7c7b4a5864591d983eba46eb98, type: 3}
    - target: {fileID: 224054833768133422, guid: f8f35b9f6cbe1fb4d88c39af030bddd4,
        type: 3}
      propertyPath: m_AnchorMin.y
      value: 0
      objectReference: {fileID: 0}
    - target: {fileID: 224054833768133422, guid: f8f35b9f6cbe1fb4d88c39af030bddd4,
        type: 3}
      propertyPath: m_AnchorMax.y
      value: 0
      objectReference: {fileID: 0}
    - target: {fileID: 224054833768133422, guid: f8f35b9f6cbe1fb4d88c39af030bddd4,
        type: 3}
      propertyPath: m_AnchoredPosition.x
      value: 0
      objectReference: {fileID: 0}
    - target: {fileID: 224054833768133422, guid: f8f35b9f6cbe1fb4d88c39af030bddd4,
        type: 3}
      propertyPath: m_AnchoredPosition.y
      value: 0
      objectReference: {fileID: 0}
    - target: {fileID: 224054833768133422, guid: f8f35b9f6cbe1fb4d88c39af030bddd4,
        type: 3}
      propertyPath: m_SizeDelta.x
      value: 0
      objectReference: {fileID: 0}
    - target: {fileID: 224054833768133422, guid: f8f35b9f6cbe1fb4d88c39af030bddd4,
        type: 3}
      propertyPath: m_SizeDelta.y
      value: 0
      objectReference: {fileID: 0}
    - target: {fileID: 8246330360122713945, guid: f8f35b9f6cbe1fb4d88c39af030bddd4,
        type: 3}
      propertyPath: m_Materials.Array.data[0]
      value: 
      objectReference: {fileID: 0}
    - target: {fileID: 8246330360122713945, guid: f8f35b9f6cbe1fb4d88c39af030bddd4,
        type: 3}
      propertyPath: m_Sprite
      value: 
      objectReference: {fileID: 0}
    - target: {fileID: 8246330360122713945, guid: f8f35b9f6cbe1fb4d88c39af030bddd4,
        type: 3}
      propertyPath: m_WasSpriteAssigned
      value: 0
      objectReference: {fileID: 0}
    m_RemovedComponents: []
  m_SourcePrefab: {fileID: 100100000, guid: f8f35b9f6cbe1fb4d88c39af030bddd4, type: 3}
--- !u!4 &6240521239644087230 stripped
Transform:
  m_CorrespondingSourceObject: {fileID: 4420619915159614, guid: f8f35b9f6cbe1fb4d88c39af030bddd4,
    type: 3}
  m_PrefabInstance: {fileID: 6239030878404529024}
  m_PrefabAsset: {fileID: 0}
--- !u!1001 &6955547332191754025
PrefabInstance:
  m_ObjectHideFlags: 0
  serializedVersion: 2
  m_Modification:
    m_TransformParent: {fileID: 3082795847820313762}
    m_Modifications:
    - target: {fileID: 1322722724978774, guid: f8f35b9f6cbe1fb4d88c39af030bddd4, type: 3}
      propertyPath: m_Name
      value: 454
      objectReference: {fileID: 0}
    - target: {fileID: 4420619915159614, guid: f8f35b9f6cbe1fb4d88c39af030bddd4, type: 3}
      propertyPath: m_LocalPosition.x
      value: 0
      objectReference: {fileID: 0}
    - target: {fileID: 4420619915159614, guid: f8f35b9f6cbe1fb4d88c39af030bddd4, type: 3}
      propertyPath: m_LocalPosition.y
      value: 1.088
      objectReference: {fileID: 0}
    - target: {fileID: 4420619915159614, guid: f8f35b9f6cbe1fb4d88c39af030bddd4, type: 3}
      propertyPath: m_LocalPosition.z
      value: 0
      objectReference: {fileID: 0}
    - target: {fileID: 4420619915159614, guid: f8f35b9f6cbe1fb4d88c39af030bddd4, type: 3}
      propertyPath: m_LocalRotation.x
      value: -0
      objectReference: {fileID: 0}
    - target: {fileID: 4420619915159614, guid: f8f35b9f6cbe1fb4d88c39af030bddd4, type: 3}
      propertyPath: m_LocalRotation.y
      value: -0
      objectReference: {fileID: 0}
    - target: {fileID: 4420619915159614, guid: f8f35b9f6cbe1fb4d88c39af030bddd4, type: 3}
      propertyPath: m_LocalRotation.z
      value: -0
      objectReference: {fileID: 0}
    - target: {fileID: 4420619915159614, guid: f8f35b9f6cbe1fb4d88c39af030bddd4, type: 3}
      propertyPath: m_LocalRotation.w
      value: 1
      objectReference: {fileID: 0}
    - target: {fileID: 4420619915159614, guid: f8f35b9f6cbe1fb4d88c39af030bddd4, type: 3}
      propertyPath: m_RootOrder
      value: 3
      objectReference: {fileID: 0}
    - target: {fileID: 4420619915159614, guid: f8f35b9f6cbe1fb4d88c39af030bddd4, type: 3}
      propertyPath: m_LocalEulerAnglesHint.x
      value: 0
      objectReference: {fileID: 0}
    - target: {fileID: 4420619915159614, guid: f8f35b9f6cbe1fb4d88c39af030bddd4, type: 3}
      propertyPath: m_LocalEulerAnglesHint.y
      value: 0
      objectReference: {fileID: 0}
    - target: {fileID: 4420619915159614, guid: f8f35b9f6cbe1fb4d88c39af030bddd4, type: 3}
      propertyPath: m_LocalEulerAnglesHint.z
      value: 0
      objectReference: {fileID: 0}
    - target: {fileID: 114912060166489536, guid: f8f35b9f6cbe1fb4d88c39af030bddd4,
        type: 3}
      propertyPath: npcData
      value: 
      objectReference: {fileID: 0}
    - target: {fileID: 114912060166489536, guid: f8f35b9f6cbe1fb4d88c39af030bddd4,
        type: 3}
      propertyPath: npcId
      value: 454
      objectReference: {fileID: 0}
    - target: {fileID: 5575320467910960297, guid: f8f35b9f6cbe1fb4d88c39af030bddd4,
        type: 3}
      propertyPath: newTexture
      value: 
      objectReference: {fileID: 2800000, guid: 6f1b3c7c7b4a5864591d983eba46eb98, type: 3}
    - target: {fileID: 224054833768133422, guid: f8f35b9f6cbe1fb4d88c39af030bddd4,
        type: 3}
      propertyPath: m_AnchorMin.y
      value: 0
      objectReference: {fileID: 0}
    - target: {fileID: 224054833768133422, guid: f8f35b9f6cbe1fb4d88c39af030bddd4,
        type: 3}
      propertyPath: m_AnchorMax.y
      value: 0
      objectReference: {fileID: 0}
    - target: {fileID: 224054833768133422, guid: f8f35b9f6cbe1fb4d88c39af030bddd4,
        type: 3}
      propertyPath: m_AnchoredPosition.x
      value: 0
      objectReference: {fileID: 0}
    - target: {fileID: 224054833768133422, guid: f8f35b9f6cbe1fb4d88c39af030bddd4,
        type: 3}
      propertyPath: m_AnchoredPosition.y
      value: 0
      objectReference: {fileID: 0}
    - target: {fileID: 224054833768133422, guid: f8f35b9f6cbe1fb4d88c39af030bddd4,
        type: 3}
      propertyPath: m_SizeDelta.x
      value: 0
      objectReference: {fileID: 0}
    - target: {fileID: 224054833768133422, guid: f8f35b9f6cbe1fb4d88c39af030bddd4,
        type: 3}
      propertyPath: m_SizeDelta.y
      value: 0
      objectReference: {fileID: 0}
    - target: {fileID: 8246330360122713945, guid: f8f35b9f6cbe1fb4d88c39af030bddd4,
        type: 3}
      propertyPath: m_Materials.Array.data[0]
      value: 
      objectReference: {fileID: 0}
    - target: {fileID: 8246330360122713945, guid: f8f35b9f6cbe1fb4d88c39af030bddd4,
        type: 3}
      propertyPath: m_Sprite
      value: 
      objectReference: {fileID: 0}
    - target: {fileID: 8246330360122713945, guid: f8f35b9f6cbe1fb4d88c39af030bddd4,
        type: 3}
      propertyPath: m_WasSpriteAssigned
      value: 0
      objectReference: {fileID: 0}
    m_RemovedComponents: []
  m_SourcePrefab: {fileID: 100100000, guid: f8f35b9f6cbe1fb4d88c39af030bddd4, type: 3}
--- !u!4 &6955992098676834071 stripped
Transform:
  m_CorrespondingSourceObject: {fileID: 4420619915159614, guid: f8f35b9f6cbe1fb4d88c39af030bddd4,
    type: 3}
  m_PrefabInstance: {fileID: 6955547332191754025}
  m_PrefabAsset: {fileID: 0}
--- !u!1001 &7865050944328442427
PrefabInstance:
  m_ObjectHideFlags: 0
  serializedVersion: 2
  m_Modification:
    m_TransformParent: {fileID: 3082795847820313762}
    m_Modifications:
    - target: {fileID: 1322722724978774, guid: f8f35b9f6cbe1fb4d88c39af030bddd4, type: 3}
      propertyPath: m_Name
      value: 453
      objectReference: {fileID: 0}
    - target: {fileID: 4420619915159614, guid: f8f35b9f6cbe1fb4d88c39af030bddd4, type: 3}
      propertyPath: m_LocalPosition.x
      value: 0.716
      objectReference: {fileID: 0}
    - target: {fileID: 4420619915159614, guid: f8f35b9f6cbe1fb4d88c39af030bddd4, type: 3}
      propertyPath: m_LocalPosition.y
      value: 0
      objectReference: {fileID: 0}
    - target: {fileID: 4420619915159614, guid: f8f35b9f6cbe1fb4d88c39af030bddd4, type: 3}
      propertyPath: m_LocalPosition.z
      value: 0
      objectReference: {fileID: 0}
    - target: {fileID: 4420619915159614, guid: f8f35b9f6cbe1fb4d88c39af030bddd4, type: 3}
      propertyPath: m_LocalRotation.x
      value: -0
      objectReference: {fileID: 0}
    - target: {fileID: 4420619915159614, guid: f8f35b9f6cbe1fb4d88c39af030bddd4, type: 3}
      propertyPath: m_LocalRotation.y
      value: -0
      objectReference: {fileID: 0}
    - target: {fileID: 4420619915159614, guid: f8f35b9f6cbe1fb4d88c39af030bddd4, type: 3}
      propertyPath: m_LocalRotation.z
      value: -0
      objectReference: {fileID: 0}
    - target: {fileID: 4420619915159614, guid: f8f35b9f6cbe1fb4d88c39af030bddd4, type: 3}
      propertyPath: m_LocalRotation.w
      value: 1
      objectReference: {fileID: 0}
    - target: {fileID: 4420619915159614, guid: f8f35b9f6cbe1fb4d88c39af030bddd4, type: 3}
      propertyPath: m_RootOrder
      value: 2
      objectReference: {fileID: 0}
    - target: {fileID: 4420619915159614, guid: f8f35b9f6cbe1fb4d88c39af030bddd4, type: 3}
      propertyPath: m_LocalEulerAnglesHint.x
      value: 0
      objectReference: {fileID: 0}
    - target: {fileID: 4420619915159614, guid: f8f35b9f6cbe1fb4d88c39af030bddd4, type: 3}
      propertyPath: m_LocalEulerAnglesHint.y
      value: 0
      objectReference: {fileID: 0}
    - target: {fileID: 4420619915159614, guid: f8f35b9f6cbe1fb4d88c39af030bddd4, type: 3}
      propertyPath: m_LocalEulerAnglesHint.z
      value: 0
      objectReference: {fileID: 0}
    - target: {fileID: 114912060166489536, guid: f8f35b9f6cbe1fb4d88c39af030bddd4,
        type: 3}
      propertyPath: npcData
      value: 
      objectReference: {fileID: 0}
    - target: {fileID: 114912060166489536, guid: f8f35b9f6cbe1fb4d88c39af030bddd4,
        type: 3}
      propertyPath: npcId
      value: 453
      objectReference: {fileID: 0}
    - target: {fileID: 5575320467910960297, guid: f8f35b9f6cbe1fb4d88c39af030bddd4,
        type: 3}
      propertyPath: newTexture
      value: 
      objectReference: {fileID: 2800000, guid: 6f1b3c7c7b4a5864591d983eba46eb98, type: 3}
    - target: {fileID: 224054833768133422, guid: f8f35b9f6cbe1fb4d88c39af030bddd4,
        type: 3}
      propertyPath: m_AnchorMin.y
      value: 0
      objectReference: {fileID: 0}
    - target: {fileID: 224054833768133422, guid: f8f35b9f6cbe1fb4d88c39af030bddd4,
        type: 3}
      propertyPath: m_AnchorMax.y
      value: 0
      objectReference: {fileID: 0}
    - target: {fileID: 224054833768133422, guid: f8f35b9f6cbe1fb4d88c39af030bddd4,
        type: 3}
      propertyPath: m_AnchoredPosition.x
      value: 0
      objectReference: {fileID: 0}
    - target: {fileID: 224054833768133422, guid: f8f35b9f6cbe1fb4d88c39af030bddd4,
        type: 3}
      propertyPath: m_AnchoredPosition.y
      value: 0
      objectReference: {fileID: 0}
    - target: {fileID: 224054833768133422, guid: f8f35b9f6cbe1fb4d88c39af030bddd4,
        type: 3}
      propertyPath: m_SizeDelta.x
      value: 0
      objectReference: {fileID: 0}
    - target: {fileID: 224054833768133422, guid: f8f35b9f6cbe1fb4d88c39af030bddd4,
        type: 3}
      propertyPath: m_SizeDelta.y
      value: 0
      objectReference: {fileID: 0}
    - target: {fileID: 8246330360122713945, guid: f8f35b9f6cbe1fb4d88c39af030bddd4,
        type: 3}
      propertyPath: m_Materials.Array.data[0]
      value: 
      objectReference: {fileID: 0}
    - target: {fileID: 8246330360122713945, guid: f8f35b9f6cbe1fb4d88c39af030bddd4,
        type: 3}
      propertyPath: m_Sprite
      value: 
      objectReference: {fileID: 0}
    - target: {fileID: 8246330360122713945, guid: f8f35b9f6cbe1fb4d88c39af030bddd4,
        type: 3}
      propertyPath: m_WasSpriteAssigned
      value: 0
      objectReference: {fileID: 0}
    m_RemovedComponents: []
  m_SourcePrefab: {fileID: 100100000, guid: f8f35b9f6cbe1fb4d88c39af030bddd4, type: 3}
--- !u!4 &7866085055376312837 stripped
Transform:
  m_CorrespondingSourceObject: {fileID: 4420619915159614, guid: f8f35b9f6cbe1fb4d88c39af030bddd4,
    type: 3}
  m_PrefabInstance: {fileID: 7865050944328442427}
  m_PrefabAsset: {fileID: 0}
