%YAML 1.1
%TAG !u! tag:unity3d.com,2011:
--- !u!1 &1742559919457083494
GameObject:
  m_ObjectHideFlags: 0
  m_CorrespondingSourceObject: {fileID: 0}
  m_PrefabInstance: {fileID: 0}
  m_PrefabAsset: {fileID: 0}
  serializedVersion: 6
  m_Component:
  - component: {fileID: 8704197089586784469}
  - component: {fileID: 5265185684094052960}
  m_Layer: 5
  m_Name: Spacer
  m_TagString: Untagged
  m_Icon: {fileID: 0}
  m_NavMeshLayer: 0
  m_StaticEditorFlags: 0
  m_IsActive: 1
--- !u!224 &8704197089586784469
RectTransform:
  m_ObjectHideFlags: 0
  m_CorrespondingSourceObject: {fileID: 0}
  m_PrefabInstance: {fileID: 0}
  m_PrefabAsset: {fileID: 0}
  m_GameObject: {fileID: 1742559919457083494}
  m_LocalRotation: {x: -0, y: -0, z: -0, w: 1}
  m_LocalPosition: {x: 0, y: 0, z: 0}
  m_LocalScale: {x: 1, y: 1, z: 1}
  m_Children: []
  m_Father: {fileID: 332837219006977860}
  m_RootOrder: 0
  m_LocalEulerAnglesHint: {x: 0, y: 0, z: 0}
  m_AnchorMin: {x: 0, y: 0}
  m_AnchorMax: {x: 0, y: 0}
  m_AnchoredPosition: {x: 0, y: 0}
  m_SizeDelta: {x: 0, y: 0}
  m_Pivot: {x: 0.5, y: 0.5}
--- !u!114 &5265185684094052960
MonoBehaviour:
  m_ObjectHideFlags: 0
  m_CorrespondingSourceObject: {fileID: 0}
  m_PrefabInstance: {fileID: 0}
  m_PrefabAsset: {fileID: 0}
  m_GameObject: {fileID: 1742559919457083494}
  m_Enabled: 1
  m_EditorHideFlags: 0
  m_Script: {fileID: 11500000, guid: 306cc8c2b49d7114eaa3623786fc2126, type: 3}
  m_Name: 
  m_EditorClassIdentifier: 
  m_IgnoreLayout: 0
  m_MinWidth: -1
  m_MinHeight: -1
  m_PreferredWidth: 1
  m_PreferredHeight: -1
  m_FlexibleWidth: -1
  m_FlexibleHeight: -1
  m_LayoutPriority: 1
--- !u!1 &3649528526101481520
GameObject:
  m_ObjectHideFlags: 0
  m_CorrespondingSourceObject: {fileID: 0}
  m_PrefabInstance: {fileID: 0}
  m_PrefabAsset: {fileID: 0}
  serializedVersion: 6
  m_Component:
  - component: {fileID: 332837219006977860}
  - component: {fileID: 939692383653106408}
  m_Layer: 5
  m_Name: GuildChatRow
  m_TagString: Untagged
  m_Icon: {fileID: 0}
  m_NavMeshLayer: 0
  m_StaticEditorFlags: 0
  m_IsActive: 1
--- !u!224 &332837219006977860
RectTransform:
  m_ObjectHideFlags: 0
  m_CorrespondingSourceObject: {fileID: 0}
  m_PrefabInstance: {fileID: 0}
  m_PrefabAsset: {fileID: 0}
  m_GameObject: {fileID: 3649528526101481520}
  m_LocalRotation: {x: 0, y: 0, z: 0, w: 1}
  m_LocalPosition: {x: 0, y: 0, z: 0}
  m_LocalScale: {x: 1, y: 1, z: 1}
  m_Children:
  - {fileID: 8704197089586784469}
  - {fileID: 6405254040826111241}
  - {fileID: 5548224118957080875}
  - {fileID: 5276183300392572280}
  m_Father: {fileID: 0}
  m_RootOrder: 0
  m_LocalEulerAnglesHint: {x: 0, y: 0, z: 0}
  m_AnchorMin: {x: 0, y: 0}
  m_AnchorMax: {x: 0, y: 0}
  m_AnchoredPosition: {x: 0, y: 0}
  m_SizeDelta: {x: 0, y: 0}
  m_Pivot: {x: 0.5, y: 0.5}
--- !u!114 &939692383653106408
MonoBehaviour:
  m_ObjectHideFlags: 0
  m_CorrespondingSourceObject: {fileID: 0}
  m_PrefabInstance: {fileID: 0}
  m_PrefabAsset: {fileID: 0}
  m_GameObject: {fileID: 3649528526101481520}
  m_Enabled: 1
  m_EditorHideFlags: 0
  m_Script: {fileID: 11500000, guid: 30649d3a9faa99c48a7b1166b86bf2a0, type: 3}
  m_Name: 
  m_EditorClassIdentifier: 
  m_Padding:
    m_Left: 0
    m_Right: 0
    m_Top: 0
    m_Bottom: 0
  m_ChildAlignment: 3
  m_Spacing: 0
  m_ChildForceExpandWidth: 0
  m_ChildForceExpandHeight: 0
  m_ChildControlWidth: 1
  m_ChildControlHeight: 1
  m_ChildScaleWidth: 0
  m_ChildScaleHeight: 0
--- !u!1 &4180356384924592931
GameObject:
  m_ObjectHideFlags: 0
  m_CorrespondingSourceObject: {fileID: 0}
  m_PrefabInstance: {fileID: 0}
  m_PrefabAsset: {fileID: 0}
  serializedVersion: 6
  m_Component:
  - component: {fileID: 5548224118957080875}
  - component: {fileID: 1935818418491127388}
  m_Layer: 5
  m_Name: Spacer
  m_TagString: Untagged
  m_Icon: {fileID: 0}
  m_NavMeshLayer: 0
  m_StaticEditorFlags: 0
  m_IsActive: 1
--- !u!224 &5548224118957080875
RectTransform:
  m_ObjectHideFlags: 0
  m_CorrespondingSourceObject: {fileID: 0}
  m_PrefabInstance: {fileID: 0}
  m_PrefabAsset: {fileID: 0}
  m_GameObject: {fileID: 4180356384924592931}
  m_LocalRotation: {x: -0, y: -0, z: -0, w: 1}
  m_LocalPosition: {x: 0, y: 0, z: 0}
  m_LocalScale: {x: 1, y: 1, z: 1}
  m_Children: []
  m_Father: {fileID: 332837219006977860}
  m_RootOrder: 2
  m_LocalEulerAnglesHint: {x: 0, y: 0, z: 0}
  m_AnchorMin: {x: 0, y: 0}
  m_AnchorMax: {x: 0, y: 0}
  m_AnchoredPosition: {x: 0, y: 0}
  m_SizeDelta: {x: 0, y: 0}
  m_Pivot: {x: 0.5, y: 0.5}
--- !u!114 &1935818418491127388
MonoBehaviour:
  m_ObjectHideFlags: 0
  m_CorrespondingSourceObject: {fileID: 0}
  m_PrefabInstance: {fileID: 0}
  m_PrefabAsset: {fileID: 0}
  m_GameObject: {fileID: 4180356384924592931}
  m_Enabled: 1
  m_EditorHideFlags: 0
  m_Script: {fileID: 11500000, guid: 306cc8c2b49d7114eaa3623786fc2126, type: 3}
  m_Name: 
  m_EditorClassIdentifier: 
  m_IgnoreLayout: 0
  m_MinWidth: -1
  m_MinHeight: -1
  m_PreferredWidth: 5
  m_PreferredHeight: -1
  m_FlexibleWidth: -1
  m_FlexibleHeight: -1
  m_LayoutPriority: 1
--- !u!1001 &2261529616722289611
PrefabInstance:
  m_ObjectHideFlags: 0
  serializedVersion: 2
  m_Modification:
    m_TransformParent: {fileID: 332837219006977860}
    m_Modifications:
    - target: {fileID: 2708007673814863215, guid: 5c20705c7cd1fef48a41c790991d9d6b,
        type: 3}
      propertyPath: m_PreferredWidth
      value: 20
      objectReference: {fileID: 0}
    - target: {fileID: 2708007673814863215, guid: 5c20705c7cd1fef48a41c790991d9d6b,
        type: 3}
      propertyPath: m_PreferredHeight
      value: 20
      objectReference: {fileID: 0}
    - target: {fileID: 2708007673814863215, guid: 5c20705c7cd1fef48a41c790991d9d6b,
        type: 3}
      propertyPath: m_IgnoreLayout
      value: 0
      objectReference: {fileID: 0}
    - target: {fileID: 2708007673814863215, guid: 5c20705c7cd1fef48a41c790991d9d6b,
        type: 3}
      propertyPath: m_MinWidth
      value: 20
      objectReference: {fileID: 0}
    - target: {fileID: 2708007673814863215, guid: 5c20705c7cd1fef48a41c790991d9d6b,
        type: 3}
      propertyPath: m_MinHeight
      value: 20
      objectReference: {fileID: 0}
    - target: {fileID: 5153975776215992002, guid: 5c20705c7cd1fef48a41c790991d9d6b,
        type: 3}
      propertyPath: m_LocalPosition.x
      value: 0
      objectReference: {fileID: 0}
    - target: {fileID: 5153975776215992002, guid: 5c20705c7cd1fef48a41c790991d9d6b,
        type: 3}
      propertyPath: m_LocalPosition.y
      value: 0
      objectReference: {fileID: 0}
    - target: {fileID: 5153975776215992002, guid: 5c20705c7cd1fef48a41c790991d9d6b,
        type: 3}
      propertyPath: m_LocalPosition.z
      value: 0
      objectReference: {fileID: 0}
    - target: {fileID: 5153975776215992002, guid: 5c20705c7cd1fef48a41c790991d9d6b,
        type: 3}
      propertyPath: m_LocalRotation.x
      value: 0
      objectReference: {fileID: 0}
    - target: {fileID: 5153975776215992002, guid: 5c20705c7cd1fef48a41c790991d9d6b,
        type: 3}
      propertyPath: m_LocalRotation.y
      value: 0
      objectReference: {fileID: 0}
    - target: {fileID: 5153975776215992002, guid: 5c20705c7cd1fef48a41c790991d9d6b,
        type: 3}
      propertyPath: m_LocalRotation.z
      value: 0
      objectReference: {fileID: 0}
    - target: {fileID: 5153975776215992002, guid: 5c20705c7cd1fef48a41c790991d9d6b,
        type: 3}
      propertyPath: m_LocalRotation.w
      value: 1
      objectReference: {fileID: 0}
    - target: {fileID: 5153975776215992002, guid: 5c20705c7cd1fef48a41c790991d9d6b,
        type: 3}
      propertyPath: m_RootOrder
      value: 1
      objectReference: {fileID: 0}
    - target: {fileID: 5153975776215992002, guid: 5c20705c7cd1fef48a41c790991d9d6b,
        type: 3}
      propertyPath: m_LocalEulerAnglesHint.x
      value: 0
      objectReference: {fileID: 0}
    - target: {fileID: 5153975776215992002, guid: 5c20705c7cd1fef48a41c790991d9d6b,
        type: 3}
      propertyPath: m_LocalEulerAnglesHint.y
      value: 0
      objectReference: {fileID: 0}
    - target: {fileID: 5153975776215992002, guid: 5c20705c7cd1fef48a41c790991d9d6b,
        type: 3}
      propertyPath: m_LocalEulerAnglesHint.z
      value: 0
      objectReference: {fileID: 0}
    - target: {fileID: 5153975776215992002, guid: 5c20705c7cd1fef48a41c790991d9d6b,
        type: 3}
      propertyPath: m_AnchoredPosition.x
      value: 0
      objectReference: {fileID: 0}
    - target: {fileID: 5153975776215992002, guid: 5c20705c7cd1fef48a41c790991d9d6b,
        type: 3}
      propertyPath: m_AnchoredPosition.y
      value: 0
      objectReference: {fileID: 0}
    - target: {fileID: 5153975776215992002, guid: 5c20705c7cd1fef48a41c790991d9d6b,
        type: 3}
      propertyPath: m_SizeDelta.x
      value: 0
      objectReference: {fileID: 0}
    - target: {fileID: 5153975776215992002, guid: 5c20705c7cd1fef48a41c790991d9d6b,
        type: 3}
      propertyPath: m_SizeDelta.y
      value: 0
      objectReference: {fileID: 0}
    - target: {fileID: 5153975776215992002, guid: 5c20705c7cd1fef48a41c790991d9d6b,
        type: 3}
      propertyPath: m_AnchorMin.x
      value: 0
      objectReference: {fileID: 0}
    - target: {fileID: 5153975776215992002, guid: 5c20705c7cd1fef48a41c790991d9d6b,
        type: 3}
      propertyPath: m_AnchorMin.y
      value: 0
      objectReference: {fileID: 0}
    - target: {fileID: 5153975776215992002, guid: 5c20705c7cd1fef48a41c790991d9d6b,
        type: 3}
      propertyPath: m_AnchorMax.x
      value: 0
      objectReference: {fileID: 0}
    - target: {fileID: 5153975776215992002, guid: 5c20705c7cd1fef48a41c790991d9d6b,
        type: 3}
      propertyPath: m_AnchorMax.y
      value: 0
      objectReference: {fileID: 0}
    - target: {fileID: 5153975776215992002, guid: 5c20705c7cd1fef48a41c790991d9d6b,
        type: 3}
      propertyPath: m_Pivot.x
      value: 0.5
      objectReference: {fileID: 0}
    - target: {fileID: 5153975776215992002, guid: 5c20705c7cd1fef48a41c790991d9d6b,
        type: 3}
      propertyPath: m_Pivot.y
      value: 0.5
      objectReference: {fileID: 0}
    - target: {fileID: 5153975776215992002, guid: 5c20705c7cd1fef48a41c790991d9d6b,
        type: 3}
      propertyPath: m_LocalScale.x
      value: 1
      objectReference: {fileID: 0}
    - target: {fileID: 5642681577568405534, guid: 5c20705c7cd1fef48a41c790991d9d6b,
        type: 3}
      propertyPath: m_Name
      value: Guild Icon Small
      objectReference: {fileID: 0}
    m_RemovedComponents: []
  m_SourcePrefab: {fileID: 100100000, guid: 5c20705c7cd1fef48a41c790991d9d6b, type: 3}
--- !u!224 &6405254040826111241 stripped
RectTransform:
  m_CorrespondingSourceObject: {fileID: 5153975776215992002, guid: 5c20705c7cd1fef48a41c790991d9d6b,
    type: 3}
  m_PrefabInstance: {fileID: 2261529616722289611}
  m_PrefabAsset: {fileID: 0}
--- !u!1001 &9161667254780793334
PrefabInstance:
  m_ObjectHideFlags: 0
  serializedVersion: 2
  m_Modification:
    m_TransformParent: {fileID: 332837219006977860}
    m_Modifications:
    - target: {fileID: 1065496666496913229, guid: f0980a9d50914414c908f61a90464548,
        type: 3}
      propertyPath: m_Name
      value: Guild Chat Line
      objectReference: {fileID: 0}
    - target: {fileID: 3898994753277445262, guid: f0980a9d50914414c908f61a90464548,
        type: 3}
      propertyPath: m_LocalPosition.x
      value: 0
      objectReference: {fileID: 0}
    - target: {fileID: 3898994753277445262, guid: f0980a9d50914414c908f61a90464548,
        type: 3}
      propertyPath: m_LocalPosition.y
      value: 0
      objectReference: {fileID: 0}
    - target: {fileID: 3898994753277445262, guid: f0980a9d50914414c908f61a90464548,
        type: 3}
      propertyPath: m_LocalPosition.z
      value: 0
      objectReference: {fileID: 0}
    - target: {fileID: 3898994753277445262, guid: f0980a9d50914414c908f61a90464548,
        type: 3}
      propertyPath: m_LocalRotation.x
      value: 0
      objectReference: {fileID: 0}
    - target: {fileID: 3898994753277445262, guid: f0980a9d50914414c908f61a90464548,
        type: 3}
      propertyPath: m_LocalRotation.y
      value: 0
      objectReference: {fileID: 0}
    - target: {fileID: 3898994753277445262, guid: f0980a9d50914414c908f61a90464548,
        type: 3}
      propertyPath: m_LocalRotation.z
      value: 0
      objectReference: {fileID: 0}
    - target: {fileID: 3898994753277445262, guid: f0980a9d50914414c908f61a90464548,
        type: 3}
      propertyPath: m_LocalRotation.w
      value: 1
      objectReference: {fileID: 0}
    - target: {fileID: 3898994753277445262, guid: f0980a9d50914414c908f61a90464548,
        type: 3}
      propertyPath: m_RootOrder
      value: 3
      objectReference: {fileID: 0}
    - target: {fileID: 3898994753277445262, guid: f0980a9d50914414c908f61a90464548,
        type: 3}
      propertyPath: m_LocalEulerAnglesHint.x
      value: 0
      objectReference: {fileID: 0}
    - target: {fileID: 3898994753277445262, guid: f0980a9d50914414c908f61a90464548,
        type: 3}
      propertyPath: m_LocalEulerAnglesHint.y
      value: 0
      objectReference: {fileID: 0}
    - target: {fileID: 3898994753277445262, guid: f0980a9d50914414c908f61a90464548,
        type: 3}
      propertyPath: m_LocalEulerAnglesHint.z
      value: 0
      objectReference: {fileID: 0}
    - target: {fileID: 3898994753277445262, guid: f0980a9d50914414c908f61a90464548,
        type: 3}
      propertyPath: m_AnchoredPosition.x
      value: 0
      objectReference: {fileID: 0}
    - target: {fileID: 3898994753277445262, guid: f0980a9d50914414c908f61a90464548,
        type: 3}
      propertyPath: m_AnchoredPosition.y
      value: 0
      objectReference: {fileID: 0}
    - target: {fileID: 3898994753277445262, guid: f0980a9d50914414c908f61a90464548,
        type: 3}
      propertyPath: m_SizeDelta.x
      value: 0
      objectReference: {fileID: 0}
    - target: {fileID: 3898994753277445262, guid: f0980a9d50914414c908f61a90464548,
        type: 3}
      propertyPath: m_SizeDelta.y
      value: 0
      objectReference: {fileID: 0}
    - target: {fileID: 3898994753277445262, guid: f0980a9d50914414c908f61a90464548,
        type: 3}
      propertyPath: m_AnchorMin.x
      value: 0
      objectReference: {fileID: 0}
    - target: {fileID: 3898994753277445262, guid: f0980a9d50914414c908f61a90464548,
        type: 3}
      propertyPath: m_AnchorMin.y
      value: 0
      objectReference: {fileID: 0}
    - target: {fileID: 3898994753277445262, guid: f0980a9d50914414c908f61a90464548,
        type: 3}
      propertyPath: m_AnchorMax.x
      value: 0
      objectReference: {fileID: 0}
    - target: {fileID: 3898994753277445262, guid: f0980a9d50914414c908f61a90464548,
        type: 3}
      propertyPath: m_AnchorMax.y
      value: 0
      objectReference: {fileID: 0}
    - target: {fileID: 3898994753277445262, guid: f0980a9d50914414c908f61a90464548,
        type: 3}
      propertyPath: m_Pivot.x
      value: 0.5
      objectReference: {fileID: 0}
    - target: {fileID: 3898994753277445262, guid: f0980a9d50914414c908f61a90464548,
        type: 3}
      propertyPath: m_Pivot.y
      value: 0.5
      objectReference: {fileID: 0}
    - target: {fileID: 8081420809731592534, guid: f0980a9d50914414c908f61a90464548,
        type: 3}
      propertyPath: m_FontData.m_Alignment
      value: 3
      objectReference: {fileID: 0}
    m_RemovedComponents: []
  m_SourcePrefab: {fileID: 100100000, guid: f0980a9d50914414c908f61a90464548, type: 3}
--- !u!224 &5276183300392572280 stripped
RectTransform:
  m_CorrespondingSourceObject: {fileID: 3898994753277445262, guid: f0980a9d50914414c908f61a90464548,
    type: 3}
  m_PrefabInstance: {fileID: 9161667254780793334}
  m_PrefabAsset: {fileID: 0}
