%YAML 1.1
%TAG !u! tag:unity3d.com,2011:
--- !u!1 &4641821706279055480
GameObject:
  m_ObjectHideFlags: 0
  m_CorrespondingSourceObject: {fileID: 0}
  m_PrefabInstance: {fileID: 0}
  m_PrefabAsset: {fileID: 0}
  serializedVersion: 6
  m_Component:
  - component: {fileID: 9083056706953952104}
  - component: {fileID: 8379567404195970281}
  - component: {fileID: 6335968381679952706}
  - component: {fileID: 6912307834719150586}
  m_Layer: 5
  m_Name: Highlighter
  m_TagString: Untagged
  m_Icon: {fileID: 0}
  m_NavMeshLayer: 0
  m_StaticEditorFlags: 0
  m_IsActive: 0
--- !u!224 &9083056706953952104
RectTransform:
  m_ObjectHideFlags: 0
  m_CorrespondingSourceObject: {fileID: 0}
  m_PrefabInstance: {fileID: 0}
  m_PrefabAsset: {fileID: 0}
  m_GameObject: {fileID: 4641821706279055480}
  m_LocalRotation: {x: 0, y: 0, z: 0, w: 1}
  m_LocalPosition: {x: 0, y: 0, z: 0}
  m_LocalScale: {x: 1, y: 1, z: 1}
  m_Children:
  - {fileID: 2581366768722191511}
  m_Father: {fileID: 8377307354646295961}
  m_RootOrder: 0
  m_LocalEulerAnglesHint: {x: 0, y: 0, z: 0}
  m_AnchorMin: {x: 0, y: 0}
  m_AnchorMax: {x: 1, y: 1}
  m_AnchoredPosition: {x: 0, y: 0}
  m_SizeDelta: {x: 0, y: 0}
  m_Pivot: {x: 0.5, y: 0.5}
--- !u!222 &8379567404195970281
CanvasRenderer:
  m_ObjectHideFlags: 0
  m_CorrespondingSourceObject: {fileID: 0}
  m_PrefabInstance: {fileID: 0}
  m_PrefabAsset: {fileID: 0}
  m_GameObject: {fileID: 4641821706279055480}
  m_CullTransparentMesh: 0
--- !u!114 &6335968381679952706
MonoBehaviour:
  m_ObjectHideFlags: 0
  m_CorrespondingSourceObject: {fileID: 0}
  m_PrefabInstance: {fileID: 0}
  m_PrefabAsset: {fileID: 0}
  m_GameObject: {fileID: 4641821706279055480}
  m_Enabled: 1
  m_EditorHideFlags: 0
  m_Script: {fileID: 11500000, guid: fe87c0e1cc204ed48ad3b37840f39efc, type: 3}
  m_Name: 
  m_EditorClassIdentifier: 
  m_Material: {fileID: 0}
  m_Color: {r: 0.9843137, g: 0.6704882, b: 0.07058824, a: 0.20784314}
  m_RaycastTarget: 1
  m_Maskable: 1
  m_OnCullStateChanged:
    m_PersistentCalls:
      m_Calls: []
  m_Sprite: {fileID: 0}
  m_Type: 0
  m_PreserveAspect: 0
  m_FillCenter: 1
  m_FillMethod: 4
  m_FillAmount: 1
  m_FillClockwise: 1
  m_FillOrigin: 0
  m_UseSpriteMesh: 0
  m_PixelsPerUnitMultiplier: 1
--- !u!114 &6912307834719150586
MonoBehaviour:
  m_ObjectHideFlags: 0
  m_CorrespondingSourceObject: {fileID: 0}
  m_PrefabInstance: {fileID: 0}
  m_PrefabAsset: {fileID: 0}
  m_GameObject: {fileID: 4641821706279055480}
  m_Enabled: 1
  m_EditorHideFlags: 0
  m_Script: {fileID: 11500000, guid: 306cc8c2b49d7114eaa3623786fc2126, type: 3}
  m_Name: 
  m_EditorClassIdentifier: 
  m_IgnoreLayout: 1
  m_MinWidth: -1
  m_MinHeight: -1
  m_PreferredWidth: -1
  m_PreferredHeight: -1
  m_FlexibleWidth: -1
  m_FlexibleHeight: -1
  m_LayoutPriority: 1
--- !u!1 &4790123369727666925
GameObject:
  m_ObjectHideFlags: 0
  m_CorrespondingSourceObject: {fileID: 0}
  m_PrefabInstance: {fileID: 0}
  m_PrefabAsset: {fileID: 0}
  serializedVersion: 6
  m_Component:
  - component: {fileID: 8377307354646295961}
  - component: {fileID: 9067470316540637237}
  - component: {fileID: 5946637336468409382}
  m_Layer: 5
  m_Name: SpeakChatRow
  m_TagString: Untagged
  m_Icon: {fileID: 0}
  m_NavMeshLayer: 0
  m_StaticEditorFlags: 0
  m_IsActive: 1
--- !u!224 &8377307354646295961
RectTransform:
  m_ObjectHideFlags: 0
  m_CorrespondingSourceObject: {fileID: 0}
  m_PrefabInstance: {fileID: 0}
  m_PrefabAsset: {fileID: 0}
  m_GameObject: {fileID: 4790123369727666925}
  m_LocalRotation: {x: 0, y: 0, z: 0, w: 1}
  m_LocalPosition: {x: 0, y: 0, z: 0}
  m_LocalScale: {x: 1, y: 1, z: 1}
  m_Children:
  - {fileID: 9083056706953952104}
  - {fileID: 2898169257136637908}
  - {fileID: 4333330873105785846}
  - {fileID: 8127791103934918018}
  m_Father: {fileID: 0}
  m_RootOrder: 0
  m_LocalEulerAnglesHint: {x: 0, y: 0, z: 0}
  m_AnchorMin: {x: 0, y: 0}
  m_AnchorMax: {x: 0, y: 0}
  m_AnchoredPosition: {x: 0, y: 0}
  m_SizeDelta: {x: 0, y: 0}
  m_Pivot: {x: 0.5, y: 0.5}
--- !u!114 &9067470316540637237
MonoBehaviour:
  m_ObjectHideFlags: 0
  m_CorrespondingSourceObject: {fileID: 0}
  m_PrefabInstance: {fileID: 0}
  m_PrefabAsset: {fileID: 0}
  m_GameObject: {fileID: 4790123369727666925}
  m_Enabled: 1
  m_EditorHideFlags: 0
  m_Script: {fileID: 11500000, guid: 30649d3a9faa99c48a7b1166b86bf2a0, type: 3}
  m_Name: 
  m_EditorClassIdentifier: 
  m_Padding:
    m_Left: 0
    m_Right: 0
    m_Top: 0
    m_Bottom: 0
  m_ChildAlignment: 0
  m_Spacing: 0
  m_ChildForceExpandWidth: 0
  m_ChildForceExpandHeight: 0
  m_ChildControlWidth: 1
  m_ChildControlHeight: 1
  m_ChildScaleWidth: 0
  m_ChildScaleHeight: 0
--- !u!114 &5946637336468409382
MonoBehaviour:
  m_ObjectHideFlags: 0
  m_CorrespondingSourceObject: {fileID: 0}
  m_PrefabInstance: {fileID: 0}
  m_PrefabAsset: {fileID: 0}
  m_GameObject: {fileID: 4790123369727666925}
  m_Enabled: 1
  m_EditorHideFlags: 0
  m_Script: {fileID: 11500000, guid: 4d7c8f7c75aea6749a2ac660e7e77558, type: 3}
  m_Name: 
  m_EditorClassIdentifier: 
  chatLine: {fileID: 8127791103947923844}
  highlighter: {fileID: 4641821706279055480}
--- !u!1 &5395258423110683134
GameObject:
  m_ObjectHideFlags: 0
  m_CorrespondingSourceObject: {fileID: 0}
  m_PrefabInstance: {fileID: 0}
  m_PrefabAsset: {fileID: 0}
  serializedVersion: 6
  m_Component:
  - component: {fileID: 4333330873105785846}
  - component: {fileID: 7638454135017657473}
  m_Layer: 5
  m_Name: Spacer
  m_TagString: Untagged
  m_Icon: {fileID: 0}
  m_NavMeshLayer: 0
  m_StaticEditorFlags: 0
  m_IsActive: 1
--- !u!224 &4333330873105785846
RectTransform:
  m_ObjectHideFlags: 0
  m_CorrespondingSourceObject: {fileID: 0}
  m_PrefabInstance: {fileID: 0}
  m_PrefabAsset: {fileID: 0}
  m_GameObject: {fileID: 5395258423110683134}
  m_LocalRotation: {x: -0, y: -0, z: -0, w: 1}
  m_LocalPosition: {x: 0, y: 0, z: 0}
  m_LocalScale: {x: 1, y: 1, z: 1}
  m_Children: []
  m_Father: {fileID: 8377307354646295961}
  m_RootOrder: 2
  m_LocalEulerAnglesHint: {x: 0, y: 0, z: 0}
  m_AnchorMin: {x: 0, y: 0}
  m_AnchorMax: {x: 0, y: 0}
  m_AnchoredPosition: {x: 0, y: 0}
  m_SizeDelta: {x: 0, y: 0}
  m_Pivot: {x: 0.5, y: 0.5}
--- !u!114 &7638454135017657473
MonoBehaviour:
  m_ObjectHideFlags: 0
  m_CorrespondingSourceObject: {fileID: 0}
  m_PrefabInstance: {fileID: 0}
  m_PrefabAsset: {fileID: 0}
  m_GameObject: {fileID: 5395258423110683134}
  m_Enabled: 1
  m_EditorHideFlags: 0
  m_Script: {fileID: 11500000, guid: 306cc8c2b49d7114eaa3623786fc2126, type: 3}
  m_Name: 
  m_EditorClassIdentifier: 
  m_IgnoreLayout: 0
  m_MinWidth: -1
  m_MinHeight: 5
  m_PreferredWidth: 3
  m_PreferredHeight: -1
  m_FlexibleWidth: -1
  m_FlexibleHeight: -1
  m_LayoutPriority: 1
--- !u!1 &8272489666160172397
GameObject:
  m_ObjectHideFlags: 0
  m_CorrespondingSourceObject: {fileID: 0}
  m_PrefabInstance: {fileID: 0}
  m_PrefabAsset: {fileID: 0}
  serializedVersion: 6
  m_Component:
  - component: {fileID: 2581366768722191511}
  - component: {fileID: 6391254825515309160}
  - component: {fileID: 8280890597357497161}
  m_Layer: 5
  m_Name: LeftBorder
  m_TagString: Untagged
  m_Icon: {fileID: 0}
  m_NavMeshLayer: 0
  m_StaticEditorFlags: 0
  m_IsActive: 1
--- !u!224 &2581366768722191511
RectTransform:
  m_ObjectHideFlags: 0
  m_CorrespondingSourceObject: {fileID: 0}
  m_PrefabInstance: {fileID: 0}
  m_PrefabAsset: {fileID: 0}
  m_GameObject: {fileID: 8272489666160172397}
  m_LocalRotation: {x: 0, y: 0, z: 0, w: 1}
  m_LocalPosition: {x: 0, y: 0, z: 0}
  m_LocalScale: {x: 1, y: 1, z: 1}
  m_Children: []
  m_Father: {fileID: 9083056706953952104}
  m_RootOrder: 0
  m_LocalEulerAnglesHint: {x: 0, y: 0, z: 0}
  m_AnchorMin: {x: 0, y: 0}
  m_AnchorMax: {x: 0, y: 1}
  m_AnchoredPosition: {x: 0, y: 0}
  m_SizeDelta: {x: 4, y: 0}
  m_Pivot: {x: 0.5, y: 0.5}
--- !u!222 &6391254825515309160
CanvasRenderer:
  m_ObjectHideFlags: 0
  m_CorrespondingSourceObject: {fileID: 0}
  m_PrefabInstance: {fileID: 0}
  m_PrefabAsset: {fileID: 0}
  m_GameObject: {fileID: 8272489666160172397}
  m_CullTransparentMesh: 0
--- !u!114 &8280890597357497161
MonoBehaviour:
  m_ObjectHideFlags: 0
  m_CorrespondingSourceObject: {fileID: 0}
  m_PrefabInstance: {fileID: 0}
  m_PrefabAsset: {fileID: 0}
  m_GameObject: {fileID: 8272489666160172397}
  m_Enabled: 1
  m_EditorHideFlags: 0
  m_Script: {fileID: 11500000, guid: fe87c0e1cc204ed48ad3b37840f39efc, type: 3}
  m_Name: 
  m_EditorClassIdentifier: 
  m_Material: {fileID: 0}
  m_Color: {r: 1, g: 0.62319684, b: 0, a: 1}
  m_RaycastTarget: 1
  m_Maskable: 1
  m_OnCullStateChanged:
    m_PersistentCalls:
      m_Calls: []
  m_Sprite: {fileID: 0}
  m_Type: 0
  m_PreserveAspect: 0
  m_FillCenter: 1
  m_FillMethod: 4
  m_FillAmount: 1
  m_FillClockwise: 1
  m_FillOrigin: 0
  m_UseSpriteMesh: 0
  m_PixelsPerUnitMultiplier: 1
--- !u!1001 &8052088949331771670
PrefabInstance:
  m_ObjectHideFlags: 0
  serializedVersion: 2
  m_Modification:
    m_TransformParent: {fileID: 8377307354646295961}
    m_Modifications:
    - target: {fileID: 2708007673814863215, guid: 5c20705c7cd1fef48a41c790991d9d6b,
        type: 3}
      propertyPath: m_MinWidth
      value: 20
      objectReference: {fileID: 0}
    - target: {fileID: 2708007673814863215, guid: 5c20705c7cd1fef48a41c790991d9d6b,
        type: 3}
      propertyPath: m_MinHeight
      value: 20
      objectReference: {fileID: 0}
    - target: {fileID: 2708007673814863215, guid: 5c20705c7cd1fef48a41c790991d9d6b,
        type: 3}
      propertyPath: m_IgnoreLayout
      value: 0
      objectReference: {fileID: 0}
    - target: {fileID: 2708007673814863215, guid: 5c20705c7cd1fef48a41c790991d9d6b,
        type: 3}
      propertyPath: m_PreferredWidth
      value: 20
      objectReference: {fileID: 0}
    - target: {fileID: 2708007673814863215, guid: 5c20705c7cd1fef48a41c790991d9d6b,
        type: 3}
      propertyPath: m_PreferredHeight
      value: 20
      objectReference: {fileID: 0}
    - target: {fileID: 5153975776215992002, guid: 5c20705c7cd1fef48a41c790991d9d6b,
        type: 3}
      propertyPath: m_Pivot.x
      value: 0.5
      objectReference: {fileID: 0}
    - target: {fileID: 5153975776215992002, guid: 5c20705c7cd1fef48a41c790991d9d6b,
        type: 3}
      propertyPath: m_Pivot.y
      value: 0.5
      objectReference: {fileID: 0}
    - target: {fileID: 5153975776215992002, guid: 5c20705c7cd1fef48a41c790991d9d6b,
        type: 3}
      propertyPath: m_RootOrder
      value: 1
      objectReference: {fileID: 0}
    - target: {fileID: 5153975776215992002, guid: 5c20705c7cd1fef48a41c790991d9d6b,
        type: 3}
      propertyPath: m_AnchorMax.x
      value: 0
      objectReference: {fileID: 0}
    - target: {fileID: 5153975776215992002, guid: 5c20705c7cd1fef48a41c790991d9d6b,
        type: 3}
      propertyPath: m_AnchorMax.y
      value: 0
      objectReference: {fileID: 0}
    - target: {fileID: 5153975776215992002, guid: 5c20705c7cd1fef48a41c790991d9d6b,
        type: 3}
      propertyPath: m_AnchorMin.x
      value: 0
      objectReference: {fileID: 0}
    - target: {fileID: 5153975776215992002, guid: 5c20705c7cd1fef48a41c790991d9d6b,
        type: 3}
      propertyPath: m_AnchorMin.y
      value: 0
      objectReference: {fileID: 0}
    - target: {fileID: 5153975776215992002, guid: 5c20705c7cd1fef48a41c790991d9d6b,
        type: 3}
      propertyPath: m_SizeDelta.x
      value: 0
      objectReference: {fileID: 0}
    - target: {fileID: 5153975776215992002, guid: 5c20705c7cd1fef48a41c790991d9d6b,
        type: 3}
      propertyPath: m_SizeDelta.y
      value: 0
      objectReference: {fileID: 0}
    - target: {fileID: 5153975776215992002, guid: 5c20705c7cd1fef48a41c790991d9d6b,
        type: 3}
      propertyPath: m_LocalScale.x
      value: 1
      objectReference: {fileID: 0}
    - target: {fileID: 5153975776215992002, guid: 5c20705c7cd1fef48a41c790991d9d6b,
        type: 3}
      propertyPath: m_LocalPosition.x
      value: 0
      objectReference: {fileID: 0}
    - target: {fileID: 5153975776215992002, guid: 5c20705c7cd1fef48a41c790991d9d6b,
        type: 3}
      propertyPath: m_LocalPosition.y
      value: 0
      objectReference: {fileID: 0}
    - target: {fileID: 5153975776215992002, guid: 5c20705c7cd1fef48a41c790991d9d6b,
        type: 3}
      propertyPath: m_LocalPosition.z
      value: 0
      objectReference: {fileID: 0}
    - target: {fileID: 5153975776215992002, guid: 5c20705c7cd1fef48a41c790991d9d6b,
        type: 3}
      propertyPath: m_LocalRotation.w
      value: 1
      objectReference: {fileID: 0}
    - target: {fileID: 5153975776215992002, guid: 5c20705c7cd1fef48a41c790991d9d6b,
        type: 3}
      propertyPath: m_LocalRotation.x
      value: 0
      objectReference: {fileID: 0}
    - target: {fileID: 5153975776215992002, guid: 5c20705c7cd1fef48a41c790991d9d6b,
        type: 3}
      propertyPath: m_LocalRotation.y
      value: 0
      objectReference: {fileID: 0}
    - target: {fileID: 5153975776215992002, guid: 5c20705c7cd1fef48a41c790991d9d6b,
        type: 3}
      propertyPath: m_LocalRotation.z
      value: 0
      objectReference: {fileID: 0}
    - target: {fileID: 5153975776215992002, guid: 5c20705c7cd1fef48a41c790991d9d6b,
        type: 3}
      propertyPath: m_AnchoredPosition.x
      value: 0
      objectReference: {fileID: 0}
    - target: {fileID: 5153975776215992002, guid: 5c20705c7cd1fef48a41c790991d9d6b,
        type: 3}
      propertyPath: m_AnchoredPosition.y
      value: 0
      objectReference: {fileID: 0}
    - target: {fileID: 5153975776215992002, guid: 5c20705c7cd1fef48a41c790991d9d6b,
        type: 3}
      propertyPath: m_LocalEulerAnglesHint.x
      value: 0
      objectReference: {fileID: 0}
    - target: {fileID: 5153975776215992002, guid: 5c20705c7cd1fef48a41c790991d9d6b,
        type: 3}
      propertyPath: m_LocalEulerAnglesHint.y
      value: 0
      objectReference: {fileID: 0}
    - target: {fileID: 5153975776215992002, guid: 5c20705c7cd1fef48a41c790991d9d6b,
        type: 3}
      propertyPath: m_LocalEulerAnglesHint.z
      value: 0
      objectReference: {fileID: 0}
    - target: {fileID: 5642681577568405534, guid: 5c20705c7cd1fef48a41c790991d9d6b,
        type: 3}
      propertyPath: m_Name
      value: Guild Icon Small
      objectReference: {fileID: 0}
    m_RemovedComponents: []
  m_SourcePrefab: {fileID: 100100000, guid: 5c20705c7cd1fef48a41c790991d9d6b, type: 3}
--- !u!224 &2898169257136637908 stripped
RectTransform:
  m_CorrespondingSourceObject: {fileID: 5153975776215992002, guid: 5c20705c7cd1fef48a41c790991d9d6b,
    type: 3}
  m_PrefabInstance: {fileID: 8052088949331771670}
  m_PrefabAsset: {fileID: 0}
--- !u!1001 &8127791103954584266
PrefabInstance:
  m_ObjectHideFlags: 0
  serializedVersion: 2
  m_Modification:
    m_TransformParent: {fileID: 8377307354646295961}
    m_Modifications:
    - target: {fileID: 140732, guid: 7069232444f48c44ea612f6b86ea21ea, type: 3}
      propertyPath: m_Name
      value: Speak Chat Line
      objectReference: {fileID: 0}
    - target: {fileID: 11428686, guid: 7069232444f48c44ea612f6b86ea21ea, type: 3}
      propertyPath: textMeshReference
      value: 
      objectReference: {fileID: 6186408478298354122}
    - target: {fileID: 22409032, guid: 7069232444f48c44ea612f6b86ea21ea, type: 3}
      propertyPath: m_Pivot.x
      value: 0.5
      objectReference: {fileID: 0}
    - target: {fileID: 22409032, guid: 7069232444f48c44ea612f6b86ea21ea, type: 3}
      propertyPath: m_Pivot.y
      value: 0.5
      objectReference: {fileID: 0}
    - target: {fileID: 22409032, guid: 7069232444f48c44ea612f6b86ea21ea, type: 3}
      propertyPath: m_RootOrder
      value: 3
      objectReference: {fileID: 0}
    - target: {fileID: 22409032, guid: 7069232444f48c44ea612f6b86ea21ea, type: 3}
      propertyPath: m_AnchorMax.x
      value: 0
      objectReference: {fileID: 0}
    - target: {fileID: 22409032, guid: 7069232444f48c44ea612f6b86ea21ea, type: 3}
      propertyPath: m_AnchorMax.y
      value: 0
      objectReference: {fileID: 0}
    - target: {fileID: 22409032, guid: 7069232444f48c44ea612f6b86ea21ea, type: 3}
      propertyPath: m_AnchorMin.x
      value: 0
      objectReference: {fileID: 0}
    - target: {fileID: 22409032, guid: 7069232444f48c44ea612f6b86ea21ea, type: 3}
      propertyPath: m_AnchorMin.y
      value: 0
      objectReference: {fileID: 0}
    - target: {fileID: 22409032, guid: 7069232444f48c44ea612f6b86ea21ea, type: 3}
      propertyPath: m_SizeDelta.x
      value: 0
      objectReference: {fileID: 0}
    - target: {fileID: 22409032, guid: 7069232444f48c44ea612f6b86ea21ea, type: 3}
      propertyPath: m_SizeDelta.y
      value: 0
      objectReference: {fileID: 0}
    - target: {fileID: 22409032, guid: 7069232444f48c44ea612f6b86ea21ea, type: 3}
      propertyPath: m_LocalPosition.x
      value: 0
      objectReference: {fileID: 0}
    - target: {fileID: 22409032, guid: 7069232444f48c44ea612f6b86ea21ea, type: 3}
      propertyPath: m_LocalPosition.y
      value: 0
      objectReference: {fileID: 0}
    - target: {fileID: 22409032, guid: 7069232444f48c44ea612f6b86ea21ea, type: 3}
      propertyPath: m_LocalPosition.z
      value: 0
      objectReference: {fileID: 0}
    - target: {fileID: 22409032, guid: 7069232444f48c44ea612f6b86ea21ea, type: 3}
      propertyPath: m_LocalRotation.w
      value: 1
      objectReference: {fileID: 0}
    - target: {fileID: 22409032, guid: 7069232444f48c44ea612f6b86ea21ea, type: 3}
      propertyPath: m_LocalRotation.x
      value: 0
      objectReference: {fileID: 0}
    - target: {fileID: 22409032, guid: 7069232444f48c44ea612f6b86ea21ea, type: 3}
      propertyPath: m_LocalRotation.y
      value: 0
      objectReference: {fileID: 0}
    - target: {fileID: 22409032, guid: 7069232444f48c44ea612f6b86ea21ea, type: 3}
      propertyPath: m_LocalRotation.z
      value: 0
      objectReference: {fileID: 0}
    - target: {fileID: 22409032, guid: 7069232444f48c44ea612f6b86ea21ea, type: 3}
      propertyPath: m_AnchoredPosition.x
      value: 0
      objectReference: {fileID: 0}
    - target: {fileID: 22409032, guid: 7069232444f48c44ea612f6b86ea21ea, type: 3}
      propertyPath: m_AnchoredPosition.y
      value: 0
      objectReference: {fileID: 0}
    - target: {fileID: 22409032, guid: 7069232444f48c44ea612f6b86ea21ea, type: 3}
      propertyPath: m_LocalEulerAnglesHint.x
      value: 0
      objectReference: {fileID: 0}
    - target: {fileID: 22409032, guid: 7069232444f48c44ea612f6b86ea21ea, type: 3}
      propertyPath: m_LocalEulerAnglesHint.y
      value: 0
      objectReference: {fileID: 0}
    - target: {fileID: 22409032, guid: 7069232444f48c44ea612f6b86ea21ea, type: 3}
      propertyPath: m_LocalEulerAnglesHint.z
      value: 0
      objectReference: {fileID: 0}
    m_RemovedComponents: []
  m_SourcePrefab: {fileID: 100100000, guid: 7069232444f48c44ea612f6b86ea21ea, type: 3}
--- !u!224 &8127791103934918018 stripped
RectTransform:
  m_CorrespondingSourceObject: {fileID: 22409032, guid: 7069232444f48c44ea612f6b86ea21ea,
    type: 3}
  m_PrefabInstance: {fileID: 8127791103954584266}
  m_PrefabAsset: {fileID: 0}
--- !u!114 &8127791103947923844 stripped
MonoBehaviour:
  m_CorrespondingSourceObject: {fileID: 11428686, guid: 7069232444f48c44ea612f6b86ea21ea,
    type: 3}
  m_PrefabInstance: {fileID: 8127791103954584266}
  m_PrefabAsset: {fileID: 0}
  m_GameObject: {fileID: 0}
  m_Enabled: 1
  m_EditorHideFlags: 0
  m_Script: {fileID: 11500000, guid: 0580246558eabe743930e8e09fc7d2f1, type: 3}
  m_Name: 
  m_EditorClassIdentifier: 
--- !u!114 &6186408478298354122 stripped
MonoBehaviour:
  m_CorrespondingSourceObject: {fileID: 2670985640526164736, guid: 7069232444f48c44ea612f6b86ea21ea,
    type: 3}
  m_PrefabInstance: {fileID: 8127791103954584266}
  m_PrefabAsset: {fileID: 0}
  m_GameObject: {fileID: 0}
  m_Enabled: 1
  m_EditorHideFlags: 0
  m_Script: {fileID: 11500000, guid: f4688fdb7df04437aeb418b961361dc5, type: 3}
  m_Name: 
  m_EditorClassIdentifier: 
