%YAML 1.1
%TAG !u! tag:unity3d.com,2011:
--- !u!212 &8109119559250267007
SpriteRenderer:
  m_ObjectHideFlags: 0
  m_CorrespondingSourceObject: {fileID: 0}
  m_PrefabInstance: {fileID: 0}
  m_PrefabAsset: {fileID: 0}
  m_GameObject: {fileID: 161679145029583145}
  m_Enabled: 1
  m_CastShadows: 0
  m_ReceiveShadows: 0
  m_DynamicOccludee: 1
  m_MotionVectors: 1
  m_LightProbeUsage: 1
  m_ReflectionProbeUsage: 1
  m_RenderingLayerMask: 1
  m_RendererPriority: 0
  m_Materials:
  - {fileID: 10754, guid: 0000000000000000f000000000000000, type: 0}
  m_StaticBatchInfo:
    firstSubMesh: 0
    subMeshCount: 0
  m_StaticBatchRoot: {fileID: 0}
  m_ProbeAnchor: {fileID: 0}
  m_LightProbeVolumeOverride: {fileID: 0}
  m_ScaleInLightmap: 1
  m_ReceiveGI: 1
  m_PreserveUVs: 0
  m_IgnoreNormalsForChartDetection: 0
  m_ImportantGI: 0
  m_StitchLightmapSeams: 1
  m_SelectedEditorRenderState: 0
  m_MinimumChartSize: 4
  m_AutoUVMaxDistance: 0.5
  m_AutoUVMaxAngle: 89
  m_LightmapParameters: {fileID: 0}
  m_SortingLayerID: 0
  m_SortingLayer: 0
  m_SortingOrder: 0
  m_Sprite: {fileID: 21300000, guid: 8c4ed92b1d6736d45a46afad9637d817, type: 3}
  m_Color: {r: 1, g: 1, b: 1, a: 1}
  m_FlipX: 0
  m_FlipY: 0
  m_DrawMode: 0
  m_Size: {x: 0.25, y: 0.25}
  m_AdaptiveModeThreshold: 0.5
  m_SpriteTileMode: 0
  m_WasSpriteAssigned: 1
  m_MaskInteraction: 0
  m_SpriteSortPoint: 0
--- !u!114 &-5243862625047383145
MonoBehaviour:
  m_ObjectHideFlags: 0
  m_CorrespondingSourceObject: {fileID: 0}
  m_PrefabInstance: {fileID: 0}
  m_PrefabAsset: {fileID: 0}
  m_GameObject: {fileID: 161679145029583145}
  m_Enabled: 1
  m_EditorHideFlags: 0
  m_Script: {fileID: 11500000, guid: f3ce18de4c072c64482aed5eddf5469c, type: 3}
  m_Name: 
  m_EditorClassIdentifier: 
  title: Fence
  dataFields: []
  selectDataFields: []
  customDataFields: []
--- !u!114 &-2409371039529155171
MonoBehaviour:
  m_ObjectHideFlags: 0
  m_CorrespondingSourceObject: {fileID: 0}
  m_PrefabInstance: {fileID: 0}
  m_PrefabAsset: {fileID: 0}
  m_GameObject: {fileID: 161679145029583145}
  m_Enabled: 1
  m_EditorHideFlags: 0
  m_Script: {fileID: 11500000, guid: 7d0e230e81a2f3148b6986fcb2c57e81, type: 3}
  m_Name: 
  m_EditorClassIdentifier: 
  size: 1
  blurSize: 0
  color: {r: 1, g: 1, b: 1, a: 1}
  blurAlphaMultiplier: 0.7
  blurAlphaChoke: 1
  invertBlur: 0
  alphaThreshold: 0.05
  buffer: 0
  includeChildren: 1
  childLayers:
    serializedVersion: 2
    m_Bits: 1
  ignoreChildNames: []
  sortMethod: 1
  isAnimated: 1
  useExportedFrame: 0
  customFrameName: 
  generatesOnStart: 0
  generatesOnValidate: 1
--- !u!1 &426414113865825400
GameObject:
  m_ObjectHideFlags: 0
  m_CorrespondingSourceObject: {fileID: 0}
  m_PrefabInstance: {fileID: 0}
  m_PrefabAsset: {fileID: 0}
  serializedVersion: 6
  m_Component:
  - component: {fileID: 1730526043980369530}
  - component: {fileID: 8957790739622725753}
  m_Layer: 0
  m_Name: Outline
  m_TagString: Untagged
  m_Icon: {fileID: 0}
  m_NavMeshLayer: 0
  m_StaticEditorFlags: 0
  m_IsActive: 1
--- !u!4 &1730526043980369530
Transform:
  m_ObjectHideFlags: 0
  m_CorrespondingSourceObject: {fileID: 0}
  m_PrefabInstance: {fileID: 0}
  m_PrefabAsset: {fileID: 0}
  m_GameObject: {fileID: 426414113865825400}
  m_LocalRotation: {x: 0, y: 0, z: 0, w: 1}
  m_LocalPosition: {x: 0, y: 0, z: -0.000001}
  m_LocalScale: {x: 1, y: 1, z: 1}
  m_Children: []
  m_Father: {fileID: 6464567058634755542}
  m_RootOrder: 3
  m_LocalEulerAnglesHint: {x: 0, y: 0, z: 0}
--- !u!212 &8957790739622725753
SpriteRenderer:
  m_ObjectHideFlags: 0
  m_CorrespondingSourceObject: {fileID: 0}
  m_PrefabInstance: {fileID: 0}
  m_PrefabAsset: {fileID: 0}
  m_GameObject: {fileID: 426414113865825400}
  m_Enabled: 1
  m_CastShadows: 0
  m_ReceiveShadows: 0
  m_DynamicOccludee: 1
  m_MotionVectors: 1
  m_LightProbeUsage: 1
  m_ReflectionProbeUsage: 1
  m_RenderingLayerMask: 1
  m_RendererPriority: 0
  m_Materials:
  - {fileID: 0}
  m_StaticBatchInfo:
    firstSubMesh: 0
    subMeshCount: 0
  m_StaticBatchRoot: {fileID: 0}
  m_ProbeAnchor: {fileID: 0}
  m_LightProbeVolumeOverride: {fileID: 0}
  m_ScaleInLightmap: 1
  m_ReceiveGI: 1
  m_PreserveUVs: 0
  m_IgnoreNormalsForChartDetection: 0
  m_ImportantGI: 0
  m_StitchLightmapSeams: 1
  m_SelectedEditorRenderState: 0
  m_MinimumChartSize: 4
  m_AutoUVMaxDistance: 0.5
  m_AutoUVMaxAngle: 89
  m_LightmapParameters: {fileID: 0}
  m_SortingLayerID: 0
  m_SortingLayer: 0
  m_SortingOrder: 0
  m_Sprite: {fileID: 0}
  m_Color: {r: 1, g: 1, b: 1, a: 1}
  m_FlipX: 0
  m_FlipY: 0
  m_DrawMode: 0
  m_Size: {x: 1.125, y: 3.125}
  m_AdaptiveModeThreshold: 0.5
  m_SpriteTileMode: 0
  m_WasSpriteAssigned: 0
  m_MaskInteraction: 0
  m_SpriteSortPoint: 0
--- !u!1001 &7178119209103414350
PrefabInstance:
  m_ObjectHideFlags: 0
  serializedVersion: 2
  m_Modification:
    m_TransformParent: {fileID: 0}
    m_Modifications:
    - target: {fileID: 1984410412863391848, guid: 017268db7d9e1e546827110b100d3e1b,
        type: 3}
      propertyPath: m_Offset.y
      value: 0
      objectReference: {fileID: 0}
    - target: {fileID: 1984410412863391848, guid: 017268db7d9e1e546827110b100d3e1b,
        type: 3}
      propertyPath: m_SpriteTilingProperty.pivot.x
      value: 0.5
      objectReference: {fileID: 0}
    - target: {fileID: 1984410412863391848, guid: 017268db7d9e1e546827110b100d3e1b,
        type: 3}
      propertyPath: m_SpriteTilingProperty.pivot.y
      value: 0.5
      objectReference: {fileID: 0}
    - target: {fileID: 1984410412863391848, guid: 017268db7d9e1e546827110b100d3e1b,
        type: 3}
      propertyPath: m_SpriteTilingProperty.oldSize.x
      value: 0.25
      objectReference: {fileID: 0}
    - target: {fileID: 1984410412863391848, guid: 017268db7d9e1e546827110b100d3e1b,
        type: 3}
      propertyPath: m_SpriteTilingProperty.oldSize.y
      value: 0.25
      objectReference: {fileID: 0}
    - target: {fileID: 1984410412863391848, guid: 017268db7d9e1e546827110b100d3e1b,
        type: 3}
      propertyPath: m_SpriteTilingProperty.newSize.x
      value: 0.25
      objectReference: {fileID: 0}
    - target: {fileID: 1984410412863391848, guid: 017268db7d9e1e546827110b100d3e1b,
        type: 3}
      propertyPath: m_SpriteTilingProperty.newSize.y
      value: 0.25
      objectReference: {fileID: 0}
    - target: {fileID: 1984410412863391848, guid: 017268db7d9e1e546827110b100d3e1b,
        type: 3}
      propertyPath: m_SpriteTilingProperty.adaptiveTilingThreshold
      value: 0.5
      objectReference: {fileID: 0}
    - target: {fileID: 1984410412863391848, guid: 017268db7d9e1e546827110b100d3e1b,
        type: 3}
      propertyPath: m_Size.y
      value: 3
      objectReference: {fileID: 0}
    - target: {fileID: 3428007792051926690, guid: 017268db7d9e1e546827110b100d3e1b,
        type: 3}
      propertyPath: m_Size.y
      value: 3
      objectReference: {fileID: 0}
    - target: {fileID: 3428007792051926690, guid: 017268db7d9e1e546827110b100d3e1b,
        type: 3}
      propertyPath: m_Center.y
      value: 0
      objectReference: {fileID: 0}
    - target: {fileID: 4191457203780688280, guid: 017268db7d9e1e546827110b100d3e1b,
        type: 3}
      propertyPath: m_LocalPosition.x
      value: -0.85
      objectReference: {fileID: 0}
    - target: {fileID: 4191457203780688280, guid: 017268db7d9e1e546827110b100d3e1b,
        type: 3}
      propertyPath: m_LocalPosition.y
      value: 0
      objectReference: {fileID: 0}
    - target: {fileID: 4191457203780688280, guid: 017268db7d9e1e546827110b100d3e1b,
        type: 3}
      propertyPath: m_LocalPosition.z
      value: 0
      objectReference: {fileID: 0}
    - target: {fileID: 4191457203780688280, guid: 017268db7d9e1e546827110b100d3e1b,
        type: 3}
      propertyPath: m_LocalRotation.x
      value: 0
      objectReference: {fileID: 0}
    - target: {fileID: 4191457203780688280, guid: 017268db7d9e1e546827110b100d3e1b,
        type: 3}
      propertyPath: m_LocalRotation.y
      value: 0
      objectReference: {fileID: 0}
    - target: {fileID: 4191457203780688280, guid: 017268db7d9e1e546827110b100d3e1b,
        type: 3}
      propertyPath: m_LocalRotation.z
      value: 0
      objectReference: {fileID: 0}
    - target: {fileID: 4191457203780688280, guid: 017268db7d9e1e546827110b100d3e1b,
        type: 3}
      propertyPath: m_LocalRotation.w
      value: 1
      objectReference: {fileID: 0}
    - target: {fileID: 4191457203780688280, guid: 017268db7d9e1e546827110b100d3e1b,
        type: 3}
      propertyPath: m_RootOrder
      value: 0
      objectReference: {fileID: 0}
    - target: {fileID: 4191457203780688280, guid: 017268db7d9e1e546827110b100d3e1b,
        type: 3}
      propertyPath: m_LocalEulerAnglesHint.x
      value: 0
      objectReference: {fileID: 0}
    - target: {fileID: 4191457203780688280, guid: 017268db7d9e1e546827110b100d3e1b,
        type: 3}
      propertyPath: m_LocalEulerAnglesHint.y
      value: 0
      objectReference: {fileID: 0}
    - target: {fileID: 4191457203780688280, guid: 017268db7d9e1e546827110b100d3e1b,
        type: 3}
      propertyPath: m_LocalEulerAnglesHint.z
      value: 0
      objectReference: {fileID: 0}
    - target: {fileID: 4191457203780688280, guid: 017268db7d9e1e546827110b100d3e1b,
        type: 3}
      propertyPath: m_LocalScale.x
      value: 1
      objectReference: {fileID: 0}
    - target: {fileID: 4191457203780688280, guid: 017268db7d9e1e546827110b100d3e1b,
        type: 3}
      propertyPath: m_LocalScale.y
      value: 1
      objectReference: {fileID: 0}
    - target: {fileID: 7035655268903392615, guid: 017268db7d9e1e546827110b100d3e1b,
        type: 3}
      propertyPath: m_Name
      value: Fence Left Variant
      objectReference: {fileID: 0}
    m_RemovedComponents: []
  m_SourcePrefab: {fileID: 100100000, guid: 017268db7d9e1e546827110b100d3e1b, type: 3}
--- !u!1 &161679145029583145 stripped
GameObject:
  m_CorrespondingSourceObject: {fileID: 7035655268903392615, guid: 017268db7d9e1e546827110b100d3e1b,
    type: 3}
  m_PrefabInstance: {fileID: 7178119209103414350}
  m_PrefabAsset: {fileID: 0}
--- !u!4 &6464567058634755542 stripped
Transform:
  m_CorrespondingSourceObject: {fileID: 4191457203780688280, guid: 017268db7d9e1e546827110b100d3e1b,
    type: 3}
  m_PrefabInstance: {fileID: 7178119209103414350}
  m_PrefabAsset: {fileID: 0}
