%YAML 1.1
%TAG !u! tag:unity3d.com,2011:
--- !u!114 &-7715478332319307530
MonoBehaviour:
  m_ObjectHideFlags: 0
  m_CorrespondingSourceObject: {fileID: 0}
  m_PrefabInstance: {fileID: 0}
  m_PrefabAsset: {fileID: 0}
  m_GameObject: {fileID: 4909897455689794183}
  m_Enabled: 1
  m_EditorHideFlags: 0
  m_Script: {fileID: 11500000, guid: f3ce18de4c072c64482aed5eddf5469c, type: 3}
  m_Name: 
  m_EditorClassIdentifier: 
  title: Furnace
  canInheritPosition: 0
  canControlPosition: 0
  dataFields: []
  selectDataFields: []
  customDataFields: []
--- !u!114 &-782973158277369237
MonoBehaviour:
  m_ObjectHideFlags: 0
  m_CorrespondingSourceObject: {fileID: 0}
  m_PrefabInstance: {fileID: 0}
  m_PrefabAsset: {fileID: 0}
  m_GameObject: {fileID: 4909897455689794183}
  m_Enabled: 1
  m_EditorHideFlags: 0
  m_Script: {fileID: 11500000, guid: c85e043511dae404196a3a80dcf221f9, type: 3}
  m_Name: 
  m_EditorClassIdentifier: 
  offset: 1.5
--- !u!114 &6970419543317320670
MonoBehaviour:
  m_ObjectHideFlags: 0
  m_CorrespondingSourceObject: {fileID: 0}
  m_PrefabInstance: {fileID: 0}
  m_PrefabAsset: {fileID: 0}
  m_GameObject: {fileID: 4909897455689794183}
  m_Enabled: 1
  m_EditorHideFlags: 0
  m_Script: {fileID: 11500000, guid: 7d0e230e81a2f3148b6986fcb2c57e81, type: 3}
  m_Name: 
  m_EditorClassIdentifier: 
  size: 1
  blurSize: 0
  color: {r: 1, g: 1, b: 1, a: 1}
  blurAlphaMultiplier: 0.7
  blurAlphaChoke: 1
  invertBlur: 0
  alphaThreshold: 0.05
  buffer: 0
  includeChildren: 1
  childLayers:
    serializedVersion: 2
    m_Bits: 1
  ignoreChildNames: []
  sortMethod: 1
  isAnimated: 1
  useExportedFrame: 0
  customFrameName: 
  generatesOnStart: 0
  generatesOnValidate: 1
--- !u!1 &9101077475789968173
GameObject:
  m_ObjectHideFlags: 0
  m_CorrespondingSourceObject: {fileID: 0}
  m_PrefabInstance: {fileID: 0}
  m_PrefabAsset: {fileID: 0}
  serializedVersion: 6
  m_Component:
  - component: {fileID: 2232736988501796372}
  - component: {fileID: 3959921156758263495}
  m_Layer: 0
  m_Name: Outline
  m_TagString: Untagged
  m_Icon: {fileID: 0}
  m_NavMeshLayer: 0
  m_StaticEditorFlags: 0
  m_IsActive: 1
--- !u!4 &2232736988501796372
Transform:
  m_ObjectHideFlags: 0
  m_CorrespondingSourceObject: {fileID: 0}
  m_PrefabInstance: {fileID: 0}
  m_PrefabAsset: {fileID: 0}
  m_GameObject: {fileID: 9101077475789968173}
  m_LocalRotation: {x: 0, y: 0, z: 0, w: 1}
  m_LocalPosition: {x: 0, y: 0, z: -0.000001}
  m_LocalScale: {x: 1, y: 1, z: 1}
  m_Children: []
  m_Father: {fileID: 8744919853150868812}
  m_RootOrder: 1
  m_LocalEulerAnglesHint: {x: 0, y: 0, z: 0}
--- !u!212 &3959921156758263495
SpriteRenderer:
  m_ObjectHideFlags: 0
  m_CorrespondingSourceObject: {fileID: 0}
  m_PrefabInstance: {fileID: 0}
  m_PrefabAsset: {fileID: 0}
  m_GameObject: {fileID: 9101077475789968173}
  m_Enabled: 1
  m_CastShadows: 0
  m_ReceiveShadows: 0
  m_DynamicOccludee: 1
  m_MotionVectors: 1
  m_LightProbeUsage: 1
  m_ReflectionProbeUsage: 1
  m_RenderingLayerMask: 1
  m_RendererPriority: 0
  m_Materials:
  - {fileID: 0}
  m_StaticBatchInfo:
    firstSubMesh: 0
    subMeshCount: 0
  m_StaticBatchRoot: {fileID: 0}
  m_ProbeAnchor: {fileID: 0}
  m_LightProbeVolumeOverride: {fileID: 0}
  m_ScaleInLightmap: 1
  m_ReceiveGI: 1
  m_PreserveUVs: 0
  m_IgnoreNormalsForChartDetection: 0
  m_ImportantGI: 0
  m_StitchLightmapSeams: 1
  m_SelectedEditorRenderState: 0
  m_MinimumChartSize: 4
  m_AutoUVMaxDistance: 0.5
  m_AutoUVMaxAngle: 89
  m_LightmapParameters: {fileID: 0}
  m_SortingLayerID: 0
  m_SortingLayer: 0
  m_SortingOrder: 0
  m_Sprite: {fileID: 0}
  m_Color: {r: 1, g: 1, b: 1, a: 1}
  m_FlipX: 0
  m_FlipY: 0
  m_DrawMode: 0
  m_Size: {x: 0.34, y: 0.18}
  m_AdaptiveModeThreshold: 0.5
  m_SpriteTileMode: 0
  m_WasSpriteAssigned: 0
  m_MaskInteraction: 0
  m_SpriteSortPoint: 0
--- !u!1001 &4063289692586470937
PrefabInstance:
  m_ObjectHideFlags: 0
  serializedVersion: 2
  m_Modification:
    m_TransformParent: {fileID: 0}
    m_Modifications:
    - target: {fileID: 3480008615614370903, guid: 8c9061a24ab66ca4e8b02213efe29356,
        type: 3}
      propertyPath: isActive
      value: 1
      objectReference: {fileID: 0}
    - target: {fileID: 4236490625857413329, guid: 8c9061a24ab66ca4e8b02213efe29356,
        type: 3}
      propertyPath: m_Offset.y
      value: 0.24407858
      objectReference: {fileID: 0}
    - target: {fileID: 4236490625857413329, guid: 8c9061a24ab66ca4e8b02213efe29356,
        type: 3}
      propertyPath: m_Size.y
      value: 0.64341736
      objectReference: {fileID: 0}
    - target: {fileID: 4701624095610960725, guid: 8c9061a24ab66ca4e8b02213efe29356,
        type: 3}
      propertyPath: m_LocalPosition.x
      value: -0.8316926
      objectReference: {fileID: 0}
    - target: {fileID: 4701624095610960725, guid: 8c9061a24ab66ca4e8b02213efe29356,
        type: 3}
      propertyPath: m_LocalPosition.y
      value: 0
      objectReference: {fileID: 0}
    - target: {fileID: 4701624095610960725, guid: 8c9061a24ab66ca4e8b02213efe29356,
        type: 3}
      propertyPath: m_LocalPosition.z
      value: 0
      objectReference: {fileID: 0}
    - target: {fileID: 4701624095610960725, guid: 8c9061a24ab66ca4e8b02213efe29356,
        type: 3}
      propertyPath: m_LocalRotation.x
      value: 0
      objectReference: {fileID: 0}
    - target: {fileID: 4701624095610960725, guid: 8c9061a24ab66ca4e8b02213efe29356,
        type: 3}
      propertyPath: m_LocalRotation.y
      value: 0
      objectReference: {fileID: 0}
    - target: {fileID: 4701624095610960725, guid: 8c9061a24ab66ca4e8b02213efe29356,
        type: 3}
      propertyPath: m_LocalRotation.z
      value: 0
      objectReference: {fileID: 0}
    - target: {fileID: 4701624095610960725, guid: 8c9061a24ab66ca4e8b02213efe29356,
        type: 3}
      propertyPath: m_LocalRotation.w
      value: 1
      objectReference: {fileID: 0}
    - target: {fileID: 4701624095610960725, guid: 8c9061a24ab66ca4e8b02213efe29356,
        type: 3}
      propertyPath: m_RootOrder
      value: 0
      objectReference: {fileID: 0}
    - target: {fileID: 4701624095610960725, guid: 8c9061a24ab66ca4e8b02213efe29356,
        type: 3}
      propertyPath: m_LocalEulerAnglesHint.x
      value: 0
      objectReference: {fileID: 0}
    - target: {fileID: 4701624095610960725, guid: 8c9061a24ab66ca4e8b02213efe29356,
        type: 3}
      propertyPath: m_LocalEulerAnglesHint.y
      value: 0
      objectReference: {fileID: 0}
    - target: {fileID: 4701624095610960725, guid: 8c9061a24ab66ca4e8b02213efe29356,
        type: 3}
      propertyPath: m_LocalEulerAnglesHint.z
      value: 0
      objectReference: {fileID: 0}
    - target: {fileID: 4701624095610960725, guid: 8c9061a24ab66ca4e8b02213efe29356,
        type: 3}
      propertyPath: m_LocalScale.x
      value: 6.25
      objectReference: {fileID: 0}
    - target: {fileID: 4701624095610960725, guid: 8c9061a24ab66ca4e8b02213efe29356,
        type: 3}
      propertyPath: m_LocalScale.y
      value: 6.25
      objectReference: {fileID: 0}
    - target: {fileID: 7340284950623885045, guid: 8c9061a24ab66ca4e8b02213efe29356,
        type: 3}
      propertyPath: m_RootOrder
      value: 2
      objectReference: {fileID: 0}
    - target: {fileID: 8953369135155473566, guid: 8c9061a24ab66ca4e8b02213efe29356,
        type: 3}
      propertyPath: m_Name
      value: Furnace Variant
      objectReference: {fileID: 0}
    m_RemovedComponents:
    - {fileID: 3853578749922075983, guid: 8c9061a24ab66ca4e8b02213efe29356, type: 3}
  m_SourcePrefab: {fileID: 100100000, guid: 8c9061a24ab66ca4e8b02213efe29356, type: 3}
--- !u!1 &4909897455689794183 stripped
GameObject:
  m_CorrespondingSourceObject: {fileID: 8953369135155473566, guid: 8c9061a24ab66ca4e8b02213efe29356,
    type: 3}
  m_PrefabInstance: {fileID: 4063289692586470937}
  m_PrefabAsset: {fileID: 0}
--- !u!4 &8744919853150868812 stripped
Transform:
  m_CorrespondingSourceObject: {fileID: 4701624095610960725, guid: 8c9061a24ab66ca4e8b02213efe29356,
    type: 3}
  m_PrefabInstance: {fileID: 4063289692586470937}
  m_PrefabAsset: {fileID: 0}
