%YAML 1.1
%TAG !u! tag:unity3d.com,2011:
--- !u!114 &-3148252123240498183
MonoBehaviour:
  m_ObjectHideFlags: 0
  m_CorrespondingSourceObject: {fileID: 0}
  m_PrefabInstance: {fileID: 0}
  m_PrefabAsset: {fileID: 0}
  m_GameObject: {fileID: 1886174892025171277}
  m_Enabled: 1
  m_EditorHideFlags: 0
  m_Script: {fileID: 11500000, guid: 7d0e230e81a2f3148b6986fcb2c57e81, type: 3}
  m_Name: 
  m_EditorClassIdentifier: 
  size: 1
  blurSize: 0
  color: {r: 1, g: 1, b: 1, a: 1}
  blurAlphaMultiplier: 0.7
  blurAlphaChoke: 1
  invertBlur: 0
  alphaThreshold: 0.05
  buffer: 0
  includeChildren: 0
  childLayers:
    serializedVersion: 2
    m_Bits: 1
  ignoreChildNames: []
  sortMethod: 1
  isAnimated: 1
  useExportedFrame: 0
  customFrameName: 
  generatesOnStart: 0
  generatesOnValidate: 1
--- !u!114 &2191166804922356374
MonoBehaviour:
  m_ObjectHideFlags: 0
  m_CorrespondingSourceObject: {fileID: 0}
  m_PrefabInstance: {fileID: 0}
  m_PrefabAsset: {fileID: 0}
  m_GameObject: {fileID: 1886174892025171277}
  m_Enabled: 1
  m_EditorHideFlags: 0
  m_Script: {fileID: 11500000, guid: c85e043511dae404196a3a80dcf221f9, type: 3}
  m_Name: 
  m_EditorClassIdentifier: 
  offset: 0.25
--- !u!114 &2649815856944996106
MonoBehaviour:
  m_ObjectHideFlags: 0
  m_CorrespondingSourceObject: {fileID: 0}
  m_PrefabInstance: {fileID: 0}
  m_PrefabAsset: {fileID: 0}
  m_GameObject: {fileID: 1886174892025171277}
  m_Enabled: 1
  m_EditorHideFlags: 0
  m_Script: {fileID: 11500000, guid: f3ce18de4c072c64482aed5eddf5469c, type: 3}
  m_Name: 
  m_EditorClassIdentifier: 
  title: Small cupboard
  canInheritPosition: 0
  canControlPosition: 1
  dataFields: []
  selectDataFields: []
  customDataFields: []
--- !u!1 &4660537505584817715
GameObject:
  m_ObjectHideFlags: 0
  m_CorrespondingSourceObject: {fileID: 0}
  m_PrefabInstance: {fileID: 0}
  m_PrefabAsset: {fileID: 0}
  serializedVersion: 6
  m_Component:
  - component: {fileID: 8593752999770350937}
  - component: {fileID: 8841240605713543463}
  m_Layer: 0
  m_Name: Outline
  m_TagString: Untagged
  m_Icon: {fileID: 0}
  m_NavMeshLayer: 0
  m_StaticEditorFlags: 0
  m_IsActive: 1
--- !u!4 &8593752999770350937
Transform:
  m_ObjectHideFlags: 0
  m_CorrespondingSourceObject: {fileID: 0}
  m_PrefabInstance: {fileID: 0}
  m_PrefabAsset: {fileID: 0}
  m_GameObject: {fileID: 4660537505584817715}
  m_LocalRotation: {x: 0, y: 0, z: 0, w: 1}
  m_LocalPosition: {x: 0, y: 0, z: -0.000001}
  m_LocalScale: {x: 1, y: 1, z: 1}
  m_Children: []
  m_Father: {fileID: 9040774601269300102}
  m_RootOrder: 1
  m_LocalEulerAnglesHint: {x: 0, y: 0, z: 0}
--- !u!212 &8841240605713543463
SpriteRenderer:
  m_ObjectHideFlags: 0
  m_CorrespondingSourceObject: {fileID: 0}
  m_PrefabInstance: {fileID: 0}
  m_PrefabAsset: {fileID: 0}
  m_GameObject: {fileID: 4660537505584817715}
  m_Enabled: 1
  m_CastShadows: 0
  m_ReceiveShadows: 0
  m_DynamicOccludee: 1
  m_MotionVectors: 1
  m_LightProbeUsage: 1
  m_ReflectionProbeUsage: 1
  m_RenderingLayerMask: 1
  m_RendererPriority: 0
  m_Materials:
  - {fileID: 0}
  m_StaticBatchInfo:
    firstSubMesh: 0
    subMeshCount: 0
  m_StaticBatchRoot: {fileID: 0}
  m_ProbeAnchor: {fileID: 0}
  m_LightProbeVolumeOverride: {fileID: 0}
  m_ScaleInLightmap: 1
  m_ReceiveGI: 1
  m_PreserveUVs: 0
  m_IgnoreNormalsForChartDetection: 0
  m_ImportantGI: 0
  m_StitchLightmapSeams: 1
  m_SelectedEditorRenderState: 0
  m_MinimumChartSize: 4
  m_AutoUVMaxDistance: 0.5
  m_AutoUVMaxAngle: 89
  m_LightmapParameters: {fileID: 0}
  m_SortingLayerID: 0
  m_SortingLayer: 0
  m_SortingOrder: 0
  m_Sprite: {fileID: 0}
  m_Color: {r: 1, g: 1, b: 1, a: 1}
  m_FlipX: 0
  m_FlipY: 0
  m_DrawMode: 0
  m_Size: {x: 0.18, y: 0.26}
  m_AdaptiveModeThreshold: 0.5
  m_SpriteTileMode: 0
  m_WasSpriteAssigned: 0
  m_MaskInteraction: 0
  m_SpriteSortPoint: 0
--- !u!1001 &2618906034799832173
PrefabInstance:
  m_ObjectHideFlags: 0
  serializedVersion: 2
  m_Modification:
    m_TransformParent: {fileID: 0}
    m_Modifications:
    - target: {fileID: 3481404414717358400, guid: ab6f399f8750474468d3bac653bd53c9,
        type: 3}
      propertyPath: isActive
      value: 1
      objectReference: {fileID: 0}
    - target: {fileID: 4500559735001784608, guid: ab6f399f8750474468d3bac653bd53c9,
        type: 3}
      propertyPath: m_Name
      value: Small cupboard Variant
      objectReference: {fileID: 0}
    - target: {fileID: 6426480195273304043, guid: ab6f399f8750474468d3bac653bd53c9,
        type: 3}
      propertyPath: m_LocalPosition.x
      value: 4.666
      objectReference: {fileID: 0}
    - target: {fileID: 6426480195273304043, guid: ab6f399f8750474468d3bac653bd53c9,
        type: 3}
      propertyPath: m_LocalPosition.y
      value: -2
      objectReference: {fileID: 0}
    - target: {fileID: 6426480195273304043, guid: ab6f399f8750474468d3bac653bd53c9,
        type: 3}
      propertyPath: m_LocalPosition.z
      value: 0
      objectReference: {fileID: 0}
    - target: {fileID: 6426480195273304043, guid: ab6f399f8750474468d3bac653bd53c9,
        type: 3}
      propertyPath: m_LocalRotation.x
      value: 0
      objectReference: {fileID: 0}
    - target: {fileID: 6426480195273304043, guid: ab6f399f8750474468d3bac653bd53c9,
        type: 3}
      propertyPath: m_LocalRotation.y
      value: 0
      objectReference: {fileID: 0}
    - target: {fileID: 6426480195273304043, guid: ab6f399f8750474468d3bac653bd53c9,
        type: 3}
      propertyPath: m_LocalRotation.z
      value: 0
      objectReference: {fileID: 0}
    - target: {fileID: 6426480195273304043, guid: ab6f399f8750474468d3bac653bd53c9,
        type: 3}
      propertyPath: m_LocalRotation.w
      value: 1
      objectReference: {fileID: 0}
    - target: {fileID: 6426480195273304043, guid: ab6f399f8750474468d3bac653bd53c9,
        type: 3}
      propertyPath: m_RootOrder
      value: 0
      objectReference: {fileID: 0}
    - target: {fileID: 6426480195273304043, guid: ab6f399f8750474468d3bac653bd53c9,
        type: 3}
      propertyPath: m_LocalEulerAnglesHint.x
      value: 0
      objectReference: {fileID: 0}
    - target: {fileID: 6426480195273304043, guid: ab6f399f8750474468d3bac653bd53c9,
        type: 3}
      propertyPath: m_LocalEulerAnglesHint.y
      value: 0
      objectReference: {fileID: 0}
    - target: {fileID: 6426480195273304043, guid: ab6f399f8750474468d3bac653bd53c9,
        type: 3}
      propertyPath: m_LocalEulerAnglesHint.z
      value: 0
      objectReference: {fileID: 0}
    - target: {fileID: 6426480195273304043, guid: ab6f399f8750474468d3bac653bd53c9,
        type: 3}
      propertyPath: m_LocalScale.x
      value: 6.25
      objectReference: {fileID: 0}
    - target: {fileID: 6426480195273304043, guid: ab6f399f8750474468d3bac653bd53c9,
        type: 3}
      propertyPath: m_LocalScale.y
      value: 6.25
      objectReference: {fileID: 0}
    - target: {fileID: 9156283064663146591, guid: ab6f399f8750474468d3bac653bd53c9,
        type: 3}
      propertyPath: m_Offset.y
      value: 0.00049267337
      objectReference: {fileID: 0}
    - target: {fileID: 9156283064663146591, guid: ab6f399f8750474468d3bac653bd53c9,
        type: 3}
      propertyPath: m_Size.y
      value: 0.23925278
      objectReference: {fileID: 0}
    m_RemovedComponents: []
  m_SourcePrefab: {fileID: 100100000, guid: ab6f399f8750474468d3bac653bd53c9, type: 3}
--- !u!1 &1886174892025171277 stripped
GameObject:
  m_CorrespondingSourceObject: {fileID: 4500559735001784608, guid: ab6f399f8750474468d3bac653bd53c9,
    type: 3}
  m_PrefabInstance: {fileID: 2618906034799832173}
  m_PrefabAsset: {fileID: 0}
--- !u!4 &9040774601269300102 stripped
Transform:
  m_CorrespondingSourceObject: {fileID: 6426480195273304043, guid: ab6f399f8750474468d3bac653bd53c9,
    type: 3}
  m_PrefabInstance: {fileID: 2618906034799832173}
  m_PrefabAsset: {fileID: 0}
