%YAML 1.1
%TAG !u! tag:unity3d.com,2011:
--- !u!1 &2138448690
GameObject:
  m_ObjectHideFlags: 0
  m_CorrespondingSourceObject: {fileID: 0}
  m_PrefabInstance: {fileID: 0}
  m_PrefabAsset: {fileID: 0}
  serializedVersion: 6
  m_Component:
  - component: {fileID: 2138448691}
  - component: {fileID: 2138448692}
  m_Layer: 5
  m_Name: CellGroup
  m_TagString: Untagged
  m_Icon: {fileID: 0}
  m_NavMeshLayer: 0
  m_StaticEditorFlags: 0
  m_IsActive: 1
--- !u!224 &2138448691
RectTransform:
  m_ObjectHideFlags: 0
  m_CorrespondingSourceObject: {fileID: 0}
  m_PrefabInstance: {fileID: 0}
  m_PrefabAsset: {fileID: 0}
  m_GameObject: {fileID: 2138448690}
  m_LocalRotation: {x: 0, y: 0, z: 0, w: 1}
  m_LocalPosition: {x: 0, y: 0, z: 0}
  m_LocalScale: {x: 1, y: 1, z: 1}
  m_Children:
  - {fileID: 6274284557032780479}
  - {fileID: 1766649701472338240}
  - {fileID: 7723562236098542162}
  - {fileID: 7723562237052937209}
  - {fileID: 813286870043714131}
  m_Father: {fileID: 4243920590772286029}
  m_RootOrder: 0
  m_LocalEulerAnglesHint: {x: 0, y: 0, z: 0}
  m_AnchorMin: {x: 0, y: 0.5}
  m_AnchorMax: {x: 0, y: 0.5}
  m_AnchoredPosition: {x: 0, y: 180}
  m_SizeDelta: {x: 48, y: 156}
  m_Pivot: {x: 0, y: 0.5}
--- !u!114 &2138448692
MonoBehaviour:
  m_ObjectHideFlags: 0
  m_CorrespondingSourceObject: {fileID: 0}
  m_PrefabInstance: {fileID: 0}
  m_PrefabAsset: {fileID: 0}
  m_GameObject: {fileID: 2138448690}
  m_Enabled: 1
  m_EditorHideFlags: 0
  m_Script: {fileID: 11500000, guid: 59f8146938fff824cb5fd77236b75775, type: 3}
  m_Name: 
  m_EditorClassIdentifier: 
  m_Padding:
    m_Left: 0
    m_Right: 0
    m_Top: 0
    m_Bottom: 0
  m_ChildAlignment: 0
  m_Spacing: 0
  m_ChildForceExpandWidth: 1
  m_ChildForceExpandHeight: 0
  m_ChildControlWidth: 1
  m_ChildControlHeight: 0
  m_ChildScaleWidth: 0
  m_ChildScaleHeight: 0
--- !u!1 &4243920590772286028
GameObject:
  m_ObjectHideFlags: 0
  m_CorrespondingSourceObject: {fileID: 0}
  m_PrefabInstance: {fileID: 0}
  m_PrefabAsset: {fileID: 0}
  serializedVersion: 6
  m_Component:
  - component: {fileID: 4243920590772286029}
  - component: {fileID: 4243920590772286026}
  - component: {fileID: 4243920591101930126}
  m_Layer: 5
  m_Name: PvpStructureStatusPanel
  m_TagString: Untagged
  m_Icon: {fileID: 0}
  m_NavMeshLayer: 0
  m_StaticEditorFlags: 0
  m_IsActive: 1
--- !u!224 &4243920590772286029
RectTransform:
  m_ObjectHideFlags: 0
  m_CorrespondingSourceObject: {fileID: 0}
  m_PrefabInstance: {fileID: 0}
  m_PrefabAsset: {fileID: 0}
  m_GameObject: {fileID: 4243920590772286028}
  m_LocalRotation: {x: 0, y: 0, z: 0, w: 1}
  m_LocalPosition: {x: 0, y: 0, z: 0}
  m_LocalScale: {x: 1, y: 1, z: 1}
  m_Children:
  - {fileID: 2138448691}
  m_Father: {fileID: 0}
  m_RootOrder: 0
  m_LocalEulerAnglesHint: {x: 0, y: 0, z: 0}
  m_AnchorMin: {x: 0, y: 0}
  m_AnchorMax: {x: 1, y: 1}
  m_AnchoredPosition: {x: 0, y: 0}
  m_SizeDelta: {x: 0, y: 0}
  m_Pivot: {x: 0.5, y: 0.5}
--- !u!114 &4243920590772286026
MonoBehaviour:
  m_ObjectHideFlags: 0
  m_CorrespondingSourceObject: {fileID: 0}
  m_PrefabInstance: {fileID: 0}
  m_PrefabAsset: {fileID: 0}
  m_GameObject: {fileID: 4243920590772286028}
  m_Enabled: 1
  m_EditorHideFlags: 0
  m_Script: {fileID: 11500000, guid: a372cca1e4dd5a14495522f17af2a4b9, type: 3}
  m_Name: 
  m_EditorClassIdentifier: 
  structureImages:
  - {fileID: 0}
  - {fileID: 5282321245048390854}
  - {fileID: 4243920591126708180}
  - {fileID: 4243920590009640575}
  healthBars:
  - {fileID: 0}
  - {fileID: 4822683612321959879}
  - {fileID: 3550632370590004437}
  - {fileID: 3550632371620031870}
  laneImages:
  - {fileID: 0}
  - {fileID: 6953545979972328392}
  - {fileID: 1428777287826923738}
  - {fileID: 1428777289159473521}
  structureIconsA:
  - {fileID: 7834288073407382092, guid: 0fb7fd86304e04c43a0ed88288357f9d, type: 3}
  - {fileID: 2565724240536883191, guid: 0fb7fd86304e04c43a0ed88288357f9d, type: 3}
  - {fileID: -6280405148511804441, guid: 0fb7fd86304e04c43a0ed88288357f9d, type: 3}
  - {fileID: 2509008188061851645, guid: 0fb7fd86304e04c43a0ed88288357f9d, type: 3}
  structureIconsB:
  - {fileID: -125473968774499461, guid: 0fb7fd86304e04c43a0ed88288357f9d, type: 3}
  - {fileID: -6636466421314506648, guid: 0fb7fd86304e04c43a0ed88288357f9d, type: 3}
  - {fileID: -5418661796973286963, guid: 0fb7fd86304e04c43a0ed88288357f9d, type: 3}
  - {fileID: -8123736738077269825, guid: 0fb7fd86304e04c43a0ed88288357f9d, type: 3}
  laneIcons:
  - {fileID: 0}
  - {fileID: -3841368228252640226, guid: 80b0d2c429a874f4e8bbb205d2897b76, type: 3}
  - {fileID: 5317488501084864586, guid: 80b0d2c429a874f4e8bbb205d2897b76, type: 3}
  - {fileID: 619905299024146320, guid: 80b0d2c429a874f4e8bbb205d2897b76, type: 3}
  - {fileID: -1456782648012281003, guid: 80b0d2c429a874f4e8bbb205d2897b76, type: 3}
  healthBarColor:
    serializedVersion: 2
    key0: {r: 0.8867924, g: 0.11294055, b: 0.11294055, a: 1}
    key1: {r: 0.8842267, g: 0.9056604, b: 0.089711644, a: 1}
    key2: {r: 0.64895535, g: 0.9339623, b: 0.101326115, a: 0}
    key3: {r: 0.039649326, g: 0.9339623, b: 0.08846218, a: 0}
    key4: {r: 0, g: 0, b: 0, a: 0}
    key5: {r: 0, g: 0, b: 0, a: 0}
    key6: {r: 0, g: 0, b: 0, a: 0}
    key7: {r: 0, g: 0, b: 0, a: 0}
    ctime0: 18890
    ctime1: 28527
    ctime2: 38357
    ctime3: 59174
    ctime4: 0
    ctime5: 0
    ctime6: 0
    ctime7: 0
    atime0: 0
    atime1: 65535
    atime2: 0
    atime3: 0
    atime4: 0
    atime5: 0
    atime6: 0
    atime7: 0
    m_Mode: 0
    m_NumColorKeys: 4
    m_NumAlphaKeys: 2
  panelCanvasGroup: {fileID: 4243920591101930126}
--- !u!225 &4243920591101930126
CanvasGroup:
  m_ObjectHideFlags: 0
  m_CorrespondingSourceObject: {fileID: 0}
  m_PrefabInstance: {fileID: 0}
  m_PrefabAsset: {fileID: 0}
  m_GameObject: {fileID: 4243920590772286028}
  m_Enabled: 1
  m_Alpha: 0
  m_Interactable: 0
  m_BlocksRaycasts: 0
  m_IgnoreParentGroups: 0
--- !u!1 &5418311606572454299
GameObject:
  m_ObjectHideFlags: 0
  m_CorrespondingSourceObject: {fileID: 0}
  m_PrefabInstance: {fileID: 0}
  m_PrefabAsset: {fileID: 0}
  serializedVersion: 6
  m_Component:
  - component: {fileID: 813286870043714131}
  - component: {fileID: 3146703781402752717}
  - component: {fileID: 1110786573754652228}
  m_Layer: 5
  m_Name: GroupBottom
  m_TagString: Untagged
  m_Icon: {fileID: 0}
  m_NavMeshLayer: 0
  m_StaticEditorFlags: 0
  m_IsActive: 1
--- !u!224 &813286870043714131
RectTransform:
  m_ObjectHideFlags: 0
  m_CorrespondingSourceObject: {fileID: 0}
  m_PrefabInstance: {fileID: 0}
  m_PrefabAsset: {fileID: 0}
  m_GameObject: {fileID: 5418311606572454299}
  m_LocalRotation: {x: 0, y: 0, z: 0, w: 1}
  m_LocalPosition: {x: 0, y: 0, z: 0}
  m_LocalScale: {x: 1, y: 1, z: 1}
  m_Children: []
  m_Father: {fileID: 2138448691}
  m_RootOrder: 4
  m_LocalEulerAnglesHint: {x: 0, y: 0, z: 0}
  m_AnchorMin: {x: 0, y: 0}
  m_AnchorMax: {x: 0, y: 0}
  m_AnchoredPosition: {x: 0, y: 0}
  m_SizeDelta: {x: 0, y: 4}
  m_Pivot: {x: 0.5, y: 0.5}
--- !u!222 &3146703781402752717
CanvasRenderer:
  m_ObjectHideFlags: 0
  m_CorrespondingSourceObject: {fileID: 0}
  m_PrefabInstance: {fileID: 0}
  m_PrefabAsset: {fileID: 0}
  m_GameObject: {fileID: 5418311606572454299}
  m_CullTransparentMesh: 0
--- !u!114 &1110786573754652228
MonoBehaviour:
  m_ObjectHideFlags: 0
  m_CorrespondingSourceObject: {fileID: 0}
  m_PrefabInstance: {fileID: 0}
  m_PrefabAsset: {fileID: 0}
  m_GameObject: {fileID: 5418311606572454299}
  m_Enabled: 1
  m_EditorHideFlags: 0
  m_Script: {fileID: 11500000, guid: fe87c0e1cc204ed48ad3b37840f39efc, type: 3}
  m_Name: 
  m_EditorClassIdentifier: 
  m_Material: {fileID: 0}
  m_Color: {r: 1, g: 1, b: 1, a: 1}
  m_RaycastTarget: 1
  m_Maskable: 1
  m_OnCullStateChanged:
    m_PersistentCalls:
      m_Calls: []
  m_Sprite: {fileID: 21300000, guid: 2ac180d0d6ea9b9448f99fa99c283f1f, type: 3}
  m_Type: 0
  m_PreserveAspect: 0
  m_FillCenter: 1
  m_FillMethod: 4
  m_FillAmount: 1
  m_FillClockwise: 1
  m_FillOrigin: 0
  m_UseSpriteMesh: 0
  m_PixelsPerUnitMultiplier: 1
--- !u!1 &7858515682098881642
GameObject:
  m_ObjectHideFlags: 0
  m_CorrespondingSourceObject: {fileID: 0}
  m_PrefabInstance: {fileID: 0}
  m_PrefabAsset: {fileID: 0}
  serializedVersion: 6
  m_Component:
  - component: {fileID: 6274284557032780479}
  - component: {fileID: 8413037345026146914}
  - component: {fileID: 7085626923342798682}
  m_Layer: 5
  m_Name: GroupTop
  m_TagString: Untagged
  m_Icon: {fileID: 0}
  m_NavMeshLayer: 0
  m_StaticEditorFlags: 0
  m_IsActive: 1
--- !u!224 &6274284557032780479
RectTransform:
  m_ObjectHideFlags: 0
  m_CorrespondingSourceObject: {fileID: 0}
  m_PrefabInstance: {fileID: 0}
  m_PrefabAsset: {fileID: 0}
  m_GameObject: {fileID: 7858515682098881642}
  m_LocalRotation: {x: 0, y: 0, z: 0, w: 1}
  m_LocalPosition: {x: 0, y: 0, z: 0}
  m_LocalScale: {x: 1, y: 1, z: 1}
  m_Children: []
  m_Father: {fileID: 2138448691}
  m_RootOrder: 0
  m_LocalEulerAnglesHint: {x: 0, y: 0, z: 0}
  m_AnchorMin: {x: 0, y: 0}
  m_AnchorMax: {x: 0, y: 0}
  m_AnchoredPosition: {x: 0, y: 0}
  m_SizeDelta: {x: 0, y: 32}
  m_Pivot: {x: 0.5, y: 0.5}
--- !u!222 &8413037345026146914
CanvasRenderer:
  m_ObjectHideFlags: 0
  m_CorrespondingSourceObject: {fileID: 0}
  m_PrefabInstance: {fileID: 0}
  m_PrefabAsset: {fileID: 0}
  m_GameObject: {fileID: 7858515682098881642}
  m_CullTransparentMesh: 0
--- !u!114 &7085626923342798682
MonoBehaviour:
  m_ObjectHideFlags: 0
  m_CorrespondingSourceObject: {fileID: 0}
  m_PrefabInstance: {fileID: 0}
  m_PrefabAsset: {fileID: 0}
  m_GameObject: {fileID: 7858515682098881642}
  m_Enabled: 1
  m_EditorHideFlags: 0
  m_Script: {fileID: 11500000, guid: fe87c0e1cc204ed48ad3b37840f39efc, type: 3}
  m_Name: 
  m_EditorClassIdentifier: 
  m_Material: {fileID: 0}
  m_Color: {r: 1, g: 1, b: 1, a: 1}
  m_RaycastTarget: 1
  m_Maskable: 1
  m_OnCullStateChanged:
    m_PersistentCalls:
      m_Calls: []
  m_Sprite: {fileID: 21300000, guid: a7f9fd0db9620b4458aecc333abd170a, type: 3}
  m_Type: 0
  m_PreserveAspect: 0
  m_FillCenter: 1
  m_FillMethod: 4
  m_FillAmount: 1
  m_FillClockwise: 1
  m_FillOrigin: 0
  m_UseSpriteMesh: 0
  m_PixelsPerUnitMultiplier: 1
--- !u!1001 &4243920590418280758
PrefabInstance:
  m_ObjectHideFlags: 0
  serializedVersion: 2
  m_Modification:
    m_TransformParent: {fileID: 2138448691}
    m_Modifications:
    - target: {fileID: 2009841378, guid: 60bea1333801c0c4bafe227fcf420761, type: 3}
      propertyPath: m_Sprite
      value: 
      objectReference: {fileID: 2237361084578271880, guid: 0fb7fd86304e04c43a0ed88288357f9d,
        type: 3}
    - target: {fileID: 838529480180643299, guid: 60bea1333801c0c4bafe227fcf420761,
        type: 3}
      propertyPath: m_FillAmount
      value: 0.591
      objectReference: {fileID: 0}
    - target: {fileID: 838529480180643299, guid: 60bea1333801c0c4bafe227fcf420761,
        type: 3}
      propertyPath: m_Color.r
      value: 1
      objectReference: {fileID: 0}
    - target: {fileID: 838529480180643299, guid: 60bea1333801c0c4bafe227fcf420761,
        type: 3}
      propertyPath: m_Color.g
      value: 0.4559605
      objectReference: {fileID: 0}
    - target: {fileID: 1580842810892105011, guid: 60bea1333801c0c4bafe227fcf420761,
        type: 3}
      propertyPath: m_Name
      value: MidStructureCell
      objectReference: {fileID: 0}
    - target: {fileID: 2968265870847566316, guid: 60bea1333801c0c4bafe227fcf420761,
        type: 3}
      propertyPath: m_Sprite
      value: 
      objectReference: {fileID: 5317488501084864586, guid: 80b0d2c429a874f4e8bbb205d2897b76,
        type: 3}
    - target: {fileID: 5817440491779191780, guid: 60bea1333801c0c4bafe227fcf420761,
        type: 3}
      propertyPath: m_text
      value: Mid
      objectReference: {fileID: 0}
    - target: {fileID: 5893793147453930340, guid: 60bea1333801c0c4bafe227fcf420761,
        type: 3}
      propertyPath: m_LocalPosition.x
      value: 0
      objectReference: {fileID: 0}
    - target: {fileID: 5893793147453930340, guid: 60bea1333801c0c4bafe227fcf420761,
        type: 3}
      propertyPath: m_LocalPosition.y
      value: 0
      objectReference: {fileID: 0}
    - target: {fileID: 5893793147453930340, guid: 60bea1333801c0c4bafe227fcf420761,
        type: 3}
      propertyPath: m_LocalPosition.z
      value: 0
      objectReference: {fileID: 0}
    - target: {fileID: 5893793147453930340, guid: 60bea1333801c0c4bafe227fcf420761,
        type: 3}
      propertyPath: m_LocalRotation.x
      value: 0
      objectReference: {fileID: 0}
    - target: {fileID: 5893793147453930340, guid: 60bea1333801c0c4bafe227fcf420761,
        type: 3}
      propertyPath: m_LocalRotation.y
      value: 0
      objectReference: {fileID: 0}
    - target: {fileID: 5893793147453930340, guid: 60bea1333801c0c4bafe227fcf420761,
        type: 3}
      propertyPath: m_LocalRotation.z
      value: 0
      objectReference: {fileID: 0}
    - target: {fileID: 5893793147453930340, guid: 60bea1333801c0c4bafe227fcf420761,
        type: 3}
      propertyPath: m_LocalRotation.w
      value: 1
      objectReference: {fileID: 0}
    - target: {fileID: 5893793147453930340, guid: 60bea1333801c0c4bafe227fcf420761,
        type: 3}
      propertyPath: m_RootOrder
      value: 2
      objectReference: {fileID: 0}
    - target: {fileID: 5893793147453930340, guid: 60bea1333801c0c4bafe227fcf420761,
        type: 3}
      propertyPath: m_LocalEulerAnglesHint.x
      value: 0
      objectReference: {fileID: 0}
    - target: {fileID: 5893793147453930340, guid: 60bea1333801c0c4bafe227fcf420761,
        type: 3}
      propertyPath: m_LocalEulerAnglesHint.y
      value: 0
      objectReference: {fileID: 0}
    - target: {fileID: 5893793147453930340, guid: 60bea1333801c0c4bafe227fcf420761,
        type: 3}
      propertyPath: m_LocalEulerAnglesHint.z
      value: 0
      objectReference: {fileID: 0}
    - target: {fileID: 5893793147453930340, guid: 60bea1333801c0c4bafe227fcf420761,
        type: 3}
      propertyPath: m_AnchoredPosition.x
      value: 0
      objectReference: {fileID: 0}
    - target: {fileID: 5893793147453930340, guid: 60bea1333801c0c4bafe227fcf420761,
        type: 3}
      propertyPath: m_AnchoredPosition.y
      value: 0
      objectReference: {fileID: 0}
    - target: {fileID: 5893793147453930340, guid: 60bea1333801c0c4bafe227fcf420761,
        type: 3}
      propertyPath: m_SizeDelta.x
      value: 0
      objectReference: {fileID: 0}
    - target: {fileID: 5893793147453930340, guid: 60bea1333801c0c4bafe227fcf420761,
        type: 3}
      propertyPath: m_SizeDelta.y
      value: 64
      objectReference: {fileID: 0}
    - target: {fileID: 5893793147453930340, guid: 60bea1333801c0c4bafe227fcf420761,
        type: 3}
      propertyPath: m_AnchorMin.x
      value: 0
      objectReference: {fileID: 0}
    - target: {fileID: 5893793147453930340, guid: 60bea1333801c0c4bafe227fcf420761,
        type: 3}
      propertyPath: m_AnchorMin.y
      value: 0
      objectReference: {fileID: 0}
    - target: {fileID: 5893793147453930340, guid: 60bea1333801c0c4bafe227fcf420761,
        type: 3}
      propertyPath: m_AnchorMax.x
      value: 0
      objectReference: {fileID: 0}
    - target: {fileID: 5893793147453930340, guid: 60bea1333801c0c4bafe227fcf420761,
        type: 3}
      propertyPath: m_AnchorMax.y
      value: 0
      objectReference: {fileID: 0}
    - target: {fileID: 5893793147453930340, guid: 60bea1333801c0c4bafe227fcf420761,
        type: 3}
      propertyPath: m_Pivot.x
      value: 0.5
      objectReference: {fileID: 0}
    - target: {fileID: 5893793147453930340, guid: 60bea1333801c0c4bafe227fcf420761,
        type: 3}
      propertyPath: m_Pivot.y
      value: 0.5
      objectReference: {fileID: 0}
    m_RemovedComponents: []
  m_SourcePrefab: {fileID: 100100000, guid: 60bea1333801c0c4bafe227fcf420761, type: 3}
--- !u!224 &7723562236098542162 stripped
RectTransform:
  m_CorrespondingSourceObject: {fileID: 5893793147453930340, guid: 60bea1333801c0c4bafe227fcf420761,
    type: 3}
  m_PrefabInstance: {fileID: 4243920590418280758}
  m_PrefabAsset: {fileID: 0}
--- !u!114 &4243920591126708180 stripped
MonoBehaviour:
  m_CorrespondingSourceObject: {fileID: 2009841378, guid: 60bea1333801c0c4bafe227fcf420761,
    type: 3}
  m_PrefabInstance: {fileID: 4243920590418280758}
  m_PrefabAsset: {fileID: 0}
  m_GameObject: {fileID: 0}
  m_Enabled: 1
  m_EditorHideFlags: 0
  m_Script: {fileID: 11500000, guid: fe87c0e1cc204ed48ad3b37840f39efc, type: 3}
  m_Name: 
  m_EditorClassIdentifier: 
--- !u!114 &3550632370590004437 stripped
MonoBehaviour:
  m_CorrespondingSourceObject: {fileID: 838529480180643299, guid: 60bea1333801c0c4bafe227fcf420761,
    type: 3}
  m_PrefabInstance: {fileID: 4243920590418280758}
  m_PrefabAsset: {fileID: 0}
  m_GameObject: {fileID: 0}
  m_Enabled: 1
  m_EditorHideFlags: 0
  m_Script: {fileID: 11500000, guid: fe87c0e1cc204ed48ad3b37840f39efc, type: 3}
  m_Name: 
  m_EditorClassIdentifier: 
--- !u!114 &1428777287826923738 stripped
MonoBehaviour:
  m_CorrespondingSourceObject: {fileID: 2968265870847566316, guid: 60bea1333801c0c4bafe227fcf420761,
    type: 3}
  m_PrefabInstance: {fileID: 4243920590418280758}
  m_PrefabAsset: {fileID: 0}
  m_GameObject: {fileID: 0}
  m_Enabled: 1
  m_EditorHideFlags: 0
  m_Script: {fileID: 11500000, guid: fe87c0e1cc204ed48ad3b37840f39efc, type: 3}
  m_Name: 
  m_EditorClassIdentifier: 
--- !u!1001 &4243920591271631005
PrefabInstance:
  m_ObjectHideFlags: 0
  serializedVersion: 2
  m_Modification:
    m_TransformParent: {fileID: 2138448691}
    m_Modifications:
    - target: {fileID: 2009841378, guid: 60bea1333801c0c4bafe227fcf420761, type: 3}
      propertyPath: m_Sprite
      value: 
      objectReference: {fileID: 813768989748317568, guid: 0fb7fd86304e04c43a0ed88288357f9d,
        type: 3}
    - target: {fileID: 838529480180643299, guid: 60bea1333801c0c4bafe227fcf420761,
        type: 3}
      propertyPath: m_FillAmount
      value: 0.276
      objectReference: {fileID: 0}
    - target: {fileID: 838529480180643299, guid: 60bea1333801c0c4bafe227fcf420761,
        type: 3}
      propertyPath: m_Color.r
      value: 1
      objectReference: {fileID: 0}
    - target: {fileID: 838529480180643299, guid: 60bea1333801c0c4bafe227fcf420761,
        type: 3}
      propertyPath: m_Color.g
      value: 0.02479886
      objectReference: {fileID: 0}
    - target: {fileID: 1580842810892105011, guid: 60bea1333801c0c4bafe227fcf420761,
        type: 3}
      propertyPath: m_Name
      value: BotStructureCell
      objectReference: {fileID: 0}
    - target: {fileID: 2968265870847566316, guid: 60bea1333801c0c4bafe227fcf420761,
        type: 3}
      propertyPath: m_Sprite
      value: 
      objectReference: {fileID: 619905299024146320, guid: 80b0d2c429a874f4e8bbb205d2897b76,
        type: 3}
    - target: {fileID: 5817440491779191780, guid: 60bea1333801c0c4bafe227fcf420761,
        type: 3}
      propertyPath: m_text
      value: Bot
      objectReference: {fileID: 0}
    - target: {fileID: 5893793147453930340, guid: 60bea1333801c0c4bafe227fcf420761,
        type: 3}
      propertyPath: m_LocalPosition.x
      value: 0
      objectReference: {fileID: 0}
    - target: {fileID: 5893793147453930340, guid: 60bea1333801c0c4bafe227fcf420761,
        type: 3}
      propertyPath: m_LocalPosition.y
      value: 0
      objectReference: {fileID: 0}
    - target: {fileID: 5893793147453930340, guid: 60bea1333801c0c4bafe227fcf420761,
        type: 3}
      propertyPath: m_LocalPosition.z
      value: 0
      objectReference: {fileID: 0}
    - target: {fileID: 5893793147453930340, guid: 60bea1333801c0c4bafe227fcf420761,
        type: 3}
      propertyPath: m_LocalRotation.x
      value: 0
      objectReference: {fileID: 0}
    - target: {fileID: 5893793147453930340, guid: 60bea1333801c0c4bafe227fcf420761,
        type: 3}
      propertyPath: m_LocalRotation.y
      value: 0
      objectReference: {fileID: 0}
    - target: {fileID: 5893793147453930340, guid: 60bea1333801c0c4bafe227fcf420761,
        type: 3}
      propertyPath: m_LocalRotation.z
      value: 0
      objectReference: {fileID: 0}
    - target: {fileID: 5893793147453930340, guid: 60bea1333801c0c4bafe227fcf420761,
        type: 3}
      propertyPath: m_LocalRotation.w
      value: 1
      objectReference: {fileID: 0}
    - target: {fileID: 5893793147453930340, guid: 60bea1333801c0c4bafe227fcf420761,
        type: 3}
      propertyPath: m_RootOrder
      value: 3
      objectReference: {fileID: 0}
    - target: {fileID: 5893793147453930340, guid: 60bea1333801c0c4bafe227fcf420761,
        type: 3}
      propertyPath: m_LocalEulerAnglesHint.x
      value: 0
      objectReference: {fileID: 0}
    - target: {fileID: 5893793147453930340, guid: 60bea1333801c0c4bafe227fcf420761,
        type: 3}
      propertyPath: m_LocalEulerAnglesHint.y
      value: 0
      objectReference: {fileID: 0}
    - target: {fileID: 5893793147453930340, guid: 60bea1333801c0c4bafe227fcf420761,
        type: 3}
      propertyPath: m_LocalEulerAnglesHint.z
      value: 0
      objectReference: {fileID: 0}
    - target: {fileID: 5893793147453930340, guid: 60bea1333801c0c4bafe227fcf420761,
        type: 3}
      propertyPath: m_AnchoredPosition.x
      value: 0
      objectReference: {fileID: 0}
    - target: {fileID: 5893793147453930340, guid: 60bea1333801c0c4bafe227fcf420761,
        type: 3}
      propertyPath: m_AnchoredPosition.y
      value: 0
      objectReference: {fileID: 0}
    - target: {fileID: 5893793147453930340, guid: 60bea1333801c0c4bafe227fcf420761,
        type: 3}
      propertyPath: m_SizeDelta.x
      value: 0
      objectReference: {fileID: 0}
    - target: {fileID: 5893793147453930340, guid: 60bea1333801c0c4bafe227fcf420761,
        type: 3}
      propertyPath: m_SizeDelta.y
      value: 64
      objectReference: {fileID: 0}
    - target: {fileID: 5893793147453930340, guid: 60bea1333801c0c4bafe227fcf420761,
        type: 3}
      propertyPath: m_AnchorMin.x
      value: 0
      objectReference: {fileID: 0}
    - target: {fileID: 5893793147453930340, guid: 60bea1333801c0c4bafe227fcf420761,
        type: 3}
      propertyPath: m_AnchorMin.y
      value: 0
      objectReference: {fileID: 0}
    - target: {fileID: 5893793147453930340, guid: 60bea1333801c0c4bafe227fcf420761,
        type: 3}
      propertyPath: m_AnchorMax.x
      value: 0
      objectReference: {fileID: 0}
    - target: {fileID: 5893793147453930340, guid: 60bea1333801c0c4bafe227fcf420761,
        type: 3}
      propertyPath: m_AnchorMax.y
      value: 0
      objectReference: {fileID: 0}
    - target: {fileID: 5893793147453930340, guid: 60bea1333801c0c4bafe227fcf420761,
        type: 3}
      propertyPath: m_Pivot.x
      value: 0.5
      objectReference: {fileID: 0}
    - target: {fileID: 5893793147453930340, guid: 60bea1333801c0c4bafe227fcf420761,
        type: 3}
      propertyPath: m_Pivot.y
      value: 0.5
      objectReference: {fileID: 0}
    m_RemovedComponents: []
  m_SourcePrefab: {fileID: 100100000, guid: 60bea1333801c0c4bafe227fcf420761, type: 3}
--- !u!224 &7723562237052937209 stripped
RectTransform:
  m_CorrespondingSourceObject: {fileID: 5893793147453930340, guid: 60bea1333801c0c4bafe227fcf420761,
    type: 3}
  m_PrefabInstance: {fileID: 4243920591271631005}
  m_PrefabAsset: {fileID: 0}
--- !u!114 &4243920590009640575 stripped
MonoBehaviour:
  m_CorrespondingSourceObject: {fileID: 2009841378, guid: 60bea1333801c0c4bafe227fcf420761,
    type: 3}
  m_PrefabInstance: {fileID: 4243920591271631005}
  m_PrefabAsset: {fileID: 0}
  m_GameObject: {fileID: 0}
  m_Enabled: 1
  m_EditorHideFlags: 0
  m_Script: {fileID: 11500000, guid: fe87c0e1cc204ed48ad3b37840f39efc, type: 3}
  m_Name: 
  m_EditorClassIdentifier: 
--- !u!114 &3550632371620031870 stripped
MonoBehaviour:
  m_CorrespondingSourceObject: {fileID: 838529480180643299, guid: 60bea1333801c0c4bafe227fcf420761,
    type: 3}
  m_PrefabInstance: {fileID: 4243920591271631005}
  m_PrefabAsset: {fileID: 0}
  m_GameObject: {fileID: 0}
  m_Enabled: 1
  m_EditorHideFlags: 0
  m_Script: {fileID: 11500000, guid: fe87c0e1cc204ed48ad3b37840f39efc, type: 3}
  m_Name: 
  m_EditorClassIdentifier: 
--- !u!114 &1428777289159473521 stripped
MonoBehaviour:
  m_CorrespondingSourceObject: {fileID: 2968265870847566316, guid: 60bea1333801c0c4bafe227fcf420761,
    type: 3}
  m_PrefabInstance: {fileID: 4243920591271631005}
  m_PrefabAsset: {fileID: 0}
  m_GameObject: {fileID: 0}
  m_Enabled: 1
  m_EditorHideFlags: 0
  m_Script: {fileID: 11500000, guid: fe87c0e1cc204ed48ad3b37840f39efc, type: 3}
  m_Name: 
  m_EditorClassIdentifier: 
--- !u!1001 &5282321243281848868
PrefabInstance:
  m_ObjectHideFlags: 0
  serializedVersion: 2
  m_Modification:
    m_TransformParent: {fileID: 2138448691}
    m_Modifications:
    - target: {fileID: 1580842810892105011, guid: 60bea1333801c0c4bafe227fcf420761,
        type: 3}
      propertyPath: m_Name
      value: TopStructureCell
      objectReference: {fileID: 0}
    - target: {fileID: 5893793147453930340, guid: 60bea1333801c0c4bafe227fcf420761,
        type: 3}
      propertyPath: m_LocalPosition.x
      value: 0
      objectReference: {fileID: 0}
    - target: {fileID: 5893793147453930340, guid: 60bea1333801c0c4bafe227fcf420761,
        type: 3}
      propertyPath: m_LocalPosition.y
      value: 0
      objectReference: {fileID: 0}
    - target: {fileID: 5893793147453930340, guid: 60bea1333801c0c4bafe227fcf420761,
        type: 3}
      propertyPath: m_LocalPosition.z
      value: 0
      objectReference: {fileID: 0}
    - target: {fileID: 5893793147453930340, guid: 60bea1333801c0c4bafe227fcf420761,
        type: 3}
      propertyPath: m_LocalRotation.x
      value: 0
      objectReference: {fileID: 0}
    - target: {fileID: 5893793147453930340, guid: 60bea1333801c0c4bafe227fcf420761,
        type: 3}
      propertyPath: m_LocalRotation.y
      value: 0
      objectReference: {fileID: 0}
    - target: {fileID: 5893793147453930340, guid: 60bea1333801c0c4bafe227fcf420761,
        type: 3}
      propertyPath: m_LocalRotation.z
      value: 0
      objectReference: {fileID: 0}
    - target: {fileID: 5893793147453930340, guid: 60bea1333801c0c4bafe227fcf420761,
        type: 3}
      propertyPath: m_LocalRotation.w
      value: 1
      objectReference: {fileID: 0}
    - target: {fileID: 5893793147453930340, guid: 60bea1333801c0c4bafe227fcf420761,
        type: 3}
      propertyPath: m_RootOrder
      value: 1
      objectReference: {fileID: 0}
    - target: {fileID: 5893793147453930340, guid: 60bea1333801c0c4bafe227fcf420761,
        type: 3}
      propertyPath: m_LocalEulerAnglesHint.x
      value: 0
      objectReference: {fileID: 0}
    - target: {fileID: 5893793147453930340, guid: 60bea1333801c0c4bafe227fcf420761,
        type: 3}
      propertyPath: m_LocalEulerAnglesHint.y
      value: 0
      objectReference: {fileID: 0}
    - target: {fileID: 5893793147453930340, guid: 60bea1333801c0c4bafe227fcf420761,
        type: 3}
      propertyPath: m_LocalEulerAnglesHint.z
      value: 0
      objectReference: {fileID: 0}
    - target: {fileID: 5893793147453930340, guid: 60bea1333801c0c4bafe227fcf420761,
        type: 3}
      propertyPath: m_AnchoredPosition.x
      value: 0
      objectReference: {fileID: 0}
    - target: {fileID: 5893793147453930340, guid: 60bea1333801c0c4bafe227fcf420761,
        type: 3}
      propertyPath: m_AnchoredPosition.y
      value: 0
      objectReference: {fileID: 0}
    - target: {fileID: 5893793147453930340, guid: 60bea1333801c0c4bafe227fcf420761,
        type: 3}
      propertyPath: m_SizeDelta.x
      value: 0
      objectReference: {fileID: 0}
    - target: {fileID: 5893793147453930340, guid: 60bea1333801c0c4bafe227fcf420761,
        type: 3}
      propertyPath: m_SizeDelta.y
      value: 64
      objectReference: {fileID: 0}
    - target: {fileID: 5893793147453930340, guid: 60bea1333801c0c4bafe227fcf420761,
        type: 3}
      propertyPath: m_AnchorMin.x
      value: 0
      objectReference: {fileID: 0}
    - target: {fileID: 5893793147453930340, guid: 60bea1333801c0c4bafe227fcf420761,
        type: 3}
      propertyPath: m_AnchorMin.y
      value: 0
      objectReference: {fileID: 0}
    - target: {fileID: 5893793147453930340, guid: 60bea1333801c0c4bafe227fcf420761,
        type: 3}
      propertyPath: m_AnchorMax.x
      value: 0
      objectReference: {fileID: 0}
    - target: {fileID: 5893793147453930340, guid: 60bea1333801c0c4bafe227fcf420761,
        type: 3}
      propertyPath: m_AnchorMax.y
      value: 0
      objectReference: {fileID: 0}
    - target: {fileID: 5893793147453930340, guid: 60bea1333801c0c4bafe227fcf420761,
        type: 3}
      propertyPath: m_Pivot.x
      value: 0.5
      objectReference: {fileID: 0}
    - target: {fileID: 5893793147453930340, guid: 60bea1333801c0c4bafe227fcf420761,
        type: 3}
      propertyPath: m_Pivot.y
      value: 0.5
      objectReference: {fileID: 0}
    m_RemovedComponents: []
  m_SourcePrefab: {fileID: 100100000, guid: 60bea1333801c0c4bafe227fcf420761, type: 3}
--- !u!224 &1766649701472338240 stripped
RectTransform:
  m_CorrespondingSourceObject: {fileID: 5893793147453930340, guid: 60bea1333801c0c4bafe227fcf420761,
    type: 3}
  m_PrefabInstance: {fileID: 5282321243281848868}
  m_PrefabAsset: {fileID: 0}
--- !u!114 &5282321245048390854 stripped
MonoBehaviour:
  m_CorrespondingSourceObject: {fileID: 2009841378, guid: 60bea1333801c0c4bafe227fcf420761,
    type: 3}
  m_PrefabInstance: {fileID: 5282321243281848868}
  m_PrefabAsset: {fileID: 0}
  m_GameObject: {fileID: 0}
  m_Enabled: 1
  m_EditorHideFlags: 0
  m_Script: {fileID: 11500000, guid: fe87c0e1cc204ed48ad3b37840f39efc, type: 3}
  m_Name: 
  m_EditorClassIdentifier: 
--- !u!114 &4822683612321959879 stripped
MonoBehaviour:
  m_CorrespondingSourceObject: {fileID: 838529480180643299, guid: 60bea1333801c0c4bafe227fcf420761,
    type: 3}
  m_PrefabInstance: {fileID: 5282321243281848868}
  m_PrefabAsset: {fileID: 0}
  m_GameObject: {fileID: 0}
  m_Enabled: 1
  m_EditorHideFlags: 0
  m_Script: {fileID: 11500000, guid: fe87c0e1cc204ed48ad3b37840f39efc, type: 3}
  m_Name: 
  m_EditorClassIdentifier: 
--- !u!114 &6953545979972328392 stripped
MonoBehaviour:
  m_CorrespondingSourceObject: {fileID: 2968265870847566316, guid: 60bea1333801c0c4bafe227fcf420761,
    type: 3}
  m_PrefabInstance: {fileID: 5282321243281848868}
  m_PrefabAsset: {fileID: 0}
  m_GameObject: {fileID: 0}
  m_Enabled: 1
  m_EditorHideFlags: 0
  m_Script: {fileID: 11500000, guid: fe87c0e1cc204ed48ad3b37840f39efc, type: 3}
  m_Name: 
  m_EditorClassIdentifier: 
