%YAML 1.1
%TAG !u! tag:unity3d.com,2011:
--- !u!1 &3705656687272111294
GameObject:
  m_ObjectHideFlags: 0
  m_CorrespondingSourceObject: {fileID: 0}
  m_PrefabInstance: {fileID: 0}
  m_PrefabAsset: {fileID: 0}
  serializedVersion: 6
  m_Component:
  - component: {fileID: 7780821619125134403}
  - component: {fileID: 7353706475582836528}
  - component: {fileID: 598989180768837818}
  m_Layer: 0
  m_Name: JumpTrigger
  m_TagString: Untagged
  m_Icon: {fileID: 0}
  m_NavMeshLayer: 0
  m_StaticEditorFlags: 0
  m_IsActive: 1
--- !u!4 &7780821619125134403
Transform:
  m_ObjectHideFlags: 0
  m_CorrespondingSourceObject: {fileID: 0}
  m_PrefabInstance: {fileID: 0}
  m_PrefabAsset: {fileID: 0}
  m_GameObject: {fileID: 3705656687272111294}
  m_LocalRotation: {x: 0, y: 0, z: 0, w: 1}
  m_LocalPosition: {x: 0, y: 0, z: 0}
  m_LocalScale: {x: 1, y: 1, z: 1}
  m_Children: []
  m_Father: {fileID: 5538197570790484164}
  m_RootOrder: 0
  m_LocalEulerAnglesHint: {x: 0, y: 0, z: 0}
--- !u!114 &7353706475582836528
MonoBehaviour:
  m_ObjectHideFlags: 0
  m_CorrespondingSourceObject: {fileID: 0}
  m_PrefabInstance: {fileID: 0}
  m_PrefabAsset: {fileID: 0}
  m_GameObject: {fileID: 3705656687272111294}
  m_Enabled: 1
  m_EditorHideFlags: 0
  m_Script: {fileID: 11500000, guid: 66f587e9e6e1e0746b118376f8a94e48, type: 3}
  m_Name: 
  m_EditorClassIdentifier: 
  web: {fileID: 0}
--- !u!58 &598989180768837818
CircleCollider2D:
  m_ObjectHideFlags: 0
  m_CorrespondingSourceObject: {fileID: 0}
  m_PrefabInstance: {fileID: 0}
  m_PrefabAsset: {fileID: 0}
  m_GameObject: {fileID: 3705656687272111294}
  m_Enabled: 1
  m_Density: 1
  m_Material: {fileID: 0}
  m_IsTrigger: 1
  m_UsedByEffector: 0
  m_UsedByComposite: 0
  m_Offset: {x: 0, y: 0}
  serializedVersion: 2
  m_Radius: 0.26
--- !u!1 &6726511366790436587
GameObject:
  m_ObjectHideFlags: 0
  m_CorrespondingSourceObject: {fileID: 0}
  m_PrefabInstance: {fileID: 0}
  m_PrefabAsset: {fileID: 0}
  serializedVersion: 6
  m_Component:
  - component: {fileID: 5538197570790484164}
  - component: {fileID: -3934399635793301861}
  - component: {fileID: 6757973685074875895}
  - component: {fileID: 96975470860014819}
  - component: {fileID: 2448773190610414702}
  - component: {fileID: 5675156201297336137}
  m_Layer: 0
  m_Name: Spider Web
  m_TagString: Untagged
  m_Icon: {fileID: 0}
  m_NavMeshLayer: 0
  m_StaticEditorFlags: 0
  m_IsActive: 1
--- !u!4 &5538197570790484164
Transform:
  m_ObjectHideFlags: 0
  m_CorrespondingSourceObject: {fileID: 0}
  m_PrefabInstance: {fileID: 0}
  m_PrefabAsset: {fileID: 0}
  m_GameObject: {fileID: 6726511366790436587}
  m_LocalRotation: {x: 0, y: 0, z: 0, w: 1}
  m_LocalPosition: {x: 21, y: -12, z: 0}
  m_LocalScale: {x: 1, y: 1, z: 1}
  m_Children:
  - {fileID: 7780821619125134403}
  m_Father: {fileID: 0}
  m_RootOrder: 0
  m_LocalEulerAnglesHint: {x: 0, y: 0, z: 0}
--- !u!114 &-3934399635793301861
MonoBehaviour:
  m_ObjectHideFlags: 0
  m_CorrespondingSourceObject: {fileID: 0}
  m_PrefabInstance: {fileID: 0}
  m_PrefabAsset: {fileID: 0}
  m_GameObject: {fileID: 6726511366790436587}
  m_Enabled: 1
  m_EditorHideFlags: 0
  m_Script: {fileID: 11500000, guid: 33deb3c75c8d8a54dadb7b13e423a698, type: 3}
  m_Name: 
  m_EditorClassIdentifier: 
  puppetCount: 0
  jumpHeight: 0
  spriteHeightCurve:
    serializedVersion: 2
    m_Curve:
    - serializedVersion: 3
      time: 0
      value: 0
      inSlope: 4.8758507
      outSlope: 4.8758507
      tangentMode: 0
      weightedMode: 0
      inWeight: 0
      outWeight: 0.026507068
    - serializedVersion: 3
      time: 0.165
      value: 0.02
      inSlope: -2.231891
      outSlope: -2.231891
      tangentMode: 0
      weightedMode: 0
      inWeight: 0.33333334
      outWeight: 0.03735496
    - serializedVersion: 3
      time: 0.41
      value: 0.26
      inSlope: 2.3143754
      outSlope: 2.3143754
      tangentMode: 0
      weightedMode: 0
      inWeight: 0.05534243
      outWeight: 0.024464902
    - serializedVersion: 3
      time: 0.75
      value: 0
      inSlope: -1.3772173
      outSlope: -1.3772173
      tangentMode: 0
      weightedMode: 0
      inWeight: 0.05920442
      outWeight: 0
    m_PreInfinity: 2
    m_PostInfinity: 2
    m_RotationOrder: 4
  movementCurve:
    serializedVersion: 2
    m_Curve:
    - serializedVersion: 3
      time: 0
      value: 0
      inSlope: 0
      outSlope: 0
      tangentMode: 0
      weightedMode: 0
      inWeight: 0
      outWeight: 0
    - serializedVersion: 3
      time: 0.75
      value: 1
      inSlope: 0
      outSlope: 0
      tangentMode: 0
      weightedMode: 0
      inWeight: 0
      outWeight: 0
    m_PreInfinity: 2
    m_PostInfinity: 2
    m_RotationOrder: 4
  shadowCurve:
    serializedVersion: 2
    m_Curve:
    - serializedVersion: 3
      time: 0
      value: 1
      inSlope: -10.194157
      outSlope: -10.194157
      tangentMode: 0
      weightedMode: 0
      inWeight: 0
      outWeight: 0.06223259
    - serializedVersion: 3
      time: 0.15
      value: 1
      inSlope: 6.8027277
      outSlope: 0
      tangentMode: 65
      weightedMode: 0
      inWeight: 0.07429023
      outWeight: 0.33333334
    - serializedVersion: 3
      time: 0.25
      value: 1
      inSlope: -0
      outSlope: -3.359411
      tangentMode: 5
      weightedMode: 0
      inWeight: 0.33333334
      outWeight: 0.030727347
    - serializedVersion: 3
      time: 0.75
      value: 1
      inSlope: 4.1467724
      outSlope: 4.1467724
      tangentMode: 0
      weightedMode: 0
      inWeight: 0.024893045
      outWeight: 0
    m_PreInfinity: 2
    m_PostInfinity: 2
    m_RotationOrder: 4
  spriteHeightCurveHalf:
    serializedVersion: 2
    m_Curve:
    - serializedVersion: 3
      time: 0
      value: 0
      inSlope: 2.5379322
      outSlope: 2.5379322
      tangentMode: 0
      weightedMode: 0
      inWeight: 0
      outWeight: 0.023210654
    - serializedVersion: 3
      time: 0.375
      value: 0
      inSlope: -2.0331295
      outSlope: -2.0331295
      tangentMode: 0
      weightedMode: 0
      inWeight: 0.027240515
      outWeight: 0
    m_PreInfinity: 2
    m_PostInfinity: 2
    m_RotationOrder: 4
  movementCurveHalf:
    serializedVersion: 2
    m_Curve:
    - serializedVersion: 3
      time: 0
      value: 0
      inSlope: 0
      outSlope: 0
      tangentMode: 0
      weightedMode: 0
      inWeight: 0
      outWeight: 0
    - serializedVersion: 3
      time: 0.375
      value: 1
      inSlope: 0
      outSlope: 0
      tangentMode: 0
      weightedMode: 0
      inWeight: 0
      outWeight: 0
    m_PreInfinity: 2
    m_PostInfinity: 2
    m_RotationOrder: 4
  shadowCurveHalf:
    serializedVersion: 2
    m_Curve:
    - serializedVersion: 3
      time: 0
      value: 1
      inSlope: -4.777987
      outSlope: -4.777987
      tangentMode: 0
      weightedMode: 0
      inWeight: 0
      outWeight: 0.029522369
    - serializedVersion: 3
      time: 0.375
      value: 1
      inSlope: 3.9473238
      outSlope: 3.9473238
      tangentMode: 0
      weightedMode: 0
      inWeight: 0.042412758
      outWeight: 0
    m_PreInfinity: 2
    m_PostInfinity: 2
    m_RotationOrder: 4
  webBouncePrefab: {fileID: 1364473280077114, guid: dcda23576351b1347aa0872e01fe535a,
    type: 3}
  destinationX: 0
  destinationY: 0
  jumpTrigger: {fileID: 7353706475582836528}
  biomeType: 1
  webIdleReference: {fileID: 2800000, guid: 27e82939c31244b40bcf861be17e6a94, type: 3}
  webBounceReference: {fileID: 2800000, guid: 4b8d72b6dcf674b45b55637bedb54705, type: 3}
  simpleAnim: {fileID: 96975470860014819}
  bounceWebMin: 0
  bounceWebMax: 5
--- !u!212 &6757973685074875895
SpriteRenderer:
  m_ObjectHideFlags: 0
  m_CorrespondingSourceObject: {fileID: 0}
  m_PrefabInstance: {fileID: 0}
  m_PrefabAsset: {fileID: 0}
  m_GameObject: {fileID: 6726511366790436587}
  m_Enabled: 1
  m_CastShadows: 0
  m_ReceiveShadows: 0
  m_DynamicOccludee: 1
  m_MotionVectors: 1
  m_LightProbeUsage: 1
  m_ReflectionProbeUsage: 1
  m_RayTracingMode: 0
  m_RenderingLayerMask: 4294967295
  m_RendererPriority: 0
  m_Materials:
  - {fileID: 10754, guid: 0000000000000000f000000000000000, type: 0}
  m_StaticBatchInfo:
    firstSubMesh: 0
    subMeshCount: 0
  m_StaticBatchRoot: {fileID: 0}
  m_ProbeAnchor: {fileID: 0}
  m_LightProbeVolumeOverride: {fileID: 0}
  m_ScaleInLightmap: 1
  m_ReceiveGI: 1
  m_PreserveUVs: 0
  m_IgnoreNormalsForChartDetection: 0
  m_ImportantGI: 0
  m_StitchLightmapSeams: 0
  m_SelectedEditorRenderState: 0
  m_MinimumChartSize: 4
  m_AutoUVMaxDistance: 0.5
  m_AutoUVMaxAngle: 89
  m_LightmapParameters: {fileID: 0}
  m_SortingLayerID: 0
  m_SortingLayer: 0
  m_SortingOrder: 0
  m_Sprite: {fileID: 21300000, guid: 27e82939c31244b40bcf861be17e6a94, type: 3}
  m_Color: {r: 1, g: 1, b: 1, a: 1}
  m_FlipX: 0
  m_FlipY: 0
  m_DrawMode: 0
  m_Size: {x: 0.32, y: 0.28}
  m_AdaptiveModeThreshold: 0.5
  m_SpriteTileMode: 0
  m_WasSpriteAssigned: 1
  m_MaskInteraction: 0
  m_SpriteSortPoint: 0
--- !u!114 &96975470860014819
MonoBehaviour:
  m_ObjectHideFlags: 0
  m_CorrespondingSourceObject: {fileID: 0}
  m_PrefabInstance: {fileID: 0}
  m_PrefabAsset: {fileID: 0}
  m_GameObject: {fileID: 6726511366790436587}
  m_Enabled: 1
  m_EditorHideFlags: 0
  m_Script: {fileID: 11500000, guid: 59a9a98428d226e419fede1b7cdd5674, type: 3}
  m_Name: 
  m_EditorClassIdentifier: 
  initialDelay: 0
  frameLengthOverride: 0.5
  delayStart: 0
  destroyAtEnd: 0
  stayAtLastFrame: 0
  loopDelay: 0
  isPaused: 0
  minIndex: 1
  maxIndex: 1000
  currentAnimation: 0
  group: 0
  freezeAlpha: 0
  _index: 0
--- !u!114 &2448773190610414702
MonoBehaviour:
  m_ObjectHideFlags: 0
  m_CorrespondingSourceObject: {fileID: 0}
  m_PrefabInstance: {fileID: 0}
  m_PrefabAsset: {fileID: 0}
  m_GameObject: {fileID: 6726511366790436587}
  m_Enabled: 1
  m_EditorHideFlags: 0
  m_Script: {fileID: 11500000, guid: 3e851007333b54a4190716c035b83695, type: 3}
  m_Name: 
  m_EditorClassIdentifier: 
  offsetZ: 5
  inheritedOffsetZ: 0
  isActive: 0
  sortPoint: {fileID: 0}
--- !u!58 &5675156201297336137
CircleCollider2D:
  m_ObjectHideFlags: 0
  m_CorrespondingSourceObject: {fileID: 0}
  m_PrefabInstance: {fileID: 0}
  m_PrefabAsset: {fileID: 0}
  m_GameObject: {fileID: 6726511366790436587}
  m_Enabled: 1
  m_Density: 1
  m_Material: {fileID: 0}
  m_IsTrigger: 0
  m_UsedByEffector: 0
  m_UsedByComposite: 0
  m_Offset: {x: 0, y: 0}
  serializedVersion: 2
  m_Radius: 0.15
