%YAML 1.1
%TAG !u! tag:unity3d.com,2011:
--- !u!1 &1931689308930211708
GameObject:
  m_ObjectHideFlags: 0
  m_CorrespondingSourceObject: {fileID: 0}
  m_PrefabInstance: {fileID: 0}
  m_PrefabAsset: {fileID: 0}
  serializedVersion: 6
  m_Component:
  - component: {fileID: 2301159221849210005}
  - component: {fileID: 8390799377966335994}
  m_Layer: 5
  m_Name: Member 2 Container
  m_TagString: Untagged
  m_Icon: {fileID: 0}
  m_NavMeshLayer: 0
  m_StaticEditorFlags: 0
  m_IsActive: 1
--- !u!224 &2301159221849210005
RectTransform:
  m_ObjectHideFlags: 0
  m_CorrespondingSourceObject: {fileID: 0}
  m_PrefabInstance: {fileID: 0}
  m_PrefabAsset: {fileID: 0}
  m_GameObject: {fileID: 1931689308930211708}
  m_LocalRotation: {x: -0, y: -0, z: -0, w: 1}
  m_LocalPosition: {x: 0, y: 0, z: 0}
  m_LocalScale: {x: 1, y: 1, z: 1}
  m_Children: []
  m_Father: {fileID: 7795539763837711420}
  m_RootOrder: 2
  m_LocalEulerAnglesHint: {x: 0, y: 0, z: 0}
  m_AnchorMin: {x: 0, y: 0}
  m_AnchorMax: {x: 0, y: 0}
  m_AnchoredPosition: {x: 0, y: 0}
  m_SizeDelta: {x: 0, y: 0}
  m_Pivot: {x: 0, y: 1}
--- !u!114 &8390799377966335994
MonoBehaviour:
  m_ObjectHideFlags: 0
  m_CorrespondingSourceObject: {fileID: 0}
  m_PrefabInstance: {fileID: 0}
  m_PrefabAsset: {fileID: 0}
  m_GameObject: {fileID: 1931689308930211708}
  m_Enabled: 1
  m_EditorHideFlags: 0
  m_Script: {fileID: 11500000, guid: 30649d3a9faa99c48a7b1166b86bf2a0, type: 3}
  m_Name: 
  m_EditorClassIdentifier: 
  m_Padding:
    m_Left: 0
    m_Right: 0
    m_Top: 0
    m_Bottom: 0
  m_ChildAlignment: 0
  m_Spacing: 0
  m_ChildForceExpandWidth: 0
  m_ChildForceExpandHeight: 0
  m_ChildControlWidth: 1
  m_ChildControlHeight: 1
  m_ChildScaleWidth: 0
  m_ChildScaleHeight: 0
--- !u!1 &1949851821214484597
GameObject:
  m_ObjectHideFlags: 0
  m_CorrespondingSourceObject: {fileID: 0}
  m_PrefabInstance: {fileID: 0}
  m_PrefabAsset: {fileID: 0}
  serializedVersion: 6
  m_Component:
  - component: {fileID: 7795539763837711420}
  - component: {fileID: 3930460870074784530}
  m_Layer: 5
  m_Name: Column
  m_TagString: Untagged
  m_Icon: {fileID: 0}
  m_NavMeshLayer: 0
  m_StaticEditorFlags: 0
  m_IsActive: 1
--- !u!224 &7795539763837711420
RectTransform:
  m_ObjectHideFlags: 0
  m_CorrespondingSourceObject: {fileID: 0}
  m_PrefabInstance: {fileID: 0}
  m_PrefabAsset: {fileID: 0}
  m_GameObject: {fileID: 1949851821214484597}
  m_LocalRotation: {x: 0, y: 0, z: 0, w: 1}
  m_LocalPosition: {x: 0, y: 0, z: 0}
  m_LocalScale: {x: 1, y: 1, z: 1}
  m_Children:
  - {fileID: 939474143382515875}
  - {fileID: 9173713353354741714}
  - {fileID: 2301159221849210005}
  m_Father: {fileID: 7516689958535341957}
  m_RootOrder: 0
  m_LocalEulerAnglesHint: {x: 0, y: 0, z: 0}
  m_AnchorMin: {x: 0, y: 0}
  m_AnchorMax: {x: 0, y: 0}
  m_AnchoredPosition: {x: 0, y: 0}
  m_SizeDelta: {x: 0, y: 0}
  m_Pivot: {x: 0.5, y: 0.5}
--- !u!114 &3930460870074784530
MonoBehaviour:
  m_ObjectHideFlags: 0
  m_CorrespondingSourceObject: {fileID: 0}
  m_PrefabInstance: {fileID: 0}
  m_PrefabAsset: {fileID: 0}
  m_GameObject: {fileID: 1949851821214484597}
  m_Enabled: 1
  m_EditorHideFlags: 0
  m_Script: {fileID: 11500000, guid: 59f8146938fff824cb5fd77236b75775, type: 3}
  m_Name: 
  m_EditorClassIdentifier: 
  m_Padding:
    m_Left: 0
    m_Right: 0
    m_Top: 0
    m_Bottom: 0
  m_ChildAlignment: 0
  m_Spacing: 5
  m_ChildForceExpandWidth: 0
  m_ChildForceExpandHeight: 0
  m_ChildControlWidth: 1
  m_ChildControlHeight: 1
  m_ChildScaleWidth: 0
  m_ChildScaleHeight: 0
--- !u!1 &4089666983592770121
GameObject:
  m_ObjectHideFlags: 0
  m_CorrespondingSourceObject: {fileID: 0}
  m_PrefabInstance: {fileID: 0}
  m_PrefabAsset: {fileID: 0}
  serializedVersion: 6
  m_Component:
  - component: {fileID: 7516689958535341957}
  - component: {fileID: 3145178680193306424}
  - component: {fileID: 4658865382431435216}
  - component: {fileID: 2157639704889958599}
  - component: {fileID: 6806153540013622560}
  m_Layer: 5
  m_Name: 2 Memember Operation Expression Field
  m_TagString: Untagged
  m_Icon: {fileID: 0}
  m_NavMeshLayer: 0
  m_StaticEditorFlags: 0
  m_IsActive: 1
--- !u!224 &7516689958535341957
RectTransform:
  m_ObjectHideFlags: 0
  m_CorrespondingSourceObject: {fileID: 0}
  m_PrefabInstance: {fileID: 0}
  m_PrefabAsset: {fileID: 0}
  m_GameObject: {fileID: 4089666983592770121}
  m_LocalRotation: {x: 0, y: 0, z: 0, w: 1}
  m_LocalPosition: {x: 0, y: 0, z: 0}
  m_LocalScale: {x: 1, y: 1, z: 1}
  m_Children:
  - {fileID: 7795539763837711420}
  - {fileID: 7702870143280346272}
  m_Father: {fileID: 0}
  m_RootOrder: 0
  m_LocalEulerAnglesHint: {x: 0, y: 0, z: 0}
  m_AnchorMin: {x: 0.5, y: 0.5}
  m_AnchorMax: {x: 0.5, y: 0.5}
  m_AnchoredPosition: {x: 0, y: 0}
  m_SizeDelta: {x: 226.8, y: 364}
  m_Pivot: {x: 0.5, y: 0.5}
--- !u!114 &3145178680193306424
MonoBehaviour:
  m_ObjectHideFlags: 0
  m_CorrespondingSourceObject: {fileID: 0}
  m_PrefabInstance: {fileID: 0}
  m_PrefabAsset: {fileID: 0}
  m_GameObject: {fileID: 4089666983592770121}
  m_Enabled: 1
  m_EditorHideFlags: 0
  m_Script: {fileID: 11500000, guid: 37fb0da4effe8b34a89010f4e4761c58, type: 3}
  m_Name: 
  m_EditorClassIdentifier: 
  childExpressionContainers:
  - {fileID: 939474143382515875}
  - {fileID: 2301159221849210005}
  expressionTypeDropdown: {fileID: 7702870143280346286}
  constantInputField: {fileID: 0}
  referenceDropdown: {fileID: 0}
  operatorLabel: {fileID: 8782990687673492102}
--- !u!222 &4658865382431435216
CanvasRenderer:
  m_ObjectHideFlags: 0
  m_CorrespondingSourceObject: {fileID: 0}
  m_PrefabInstance: {fileID: 0}
  m_PrefabAsset: {fileID: 0}
  m_GameObject: {fileID: 4089666983592770121}
  m_CullTransparentMesh: 0
--- !u!114 &2157639704889958599
MonoBehaviour:
  m_ObjectHideFlags: 0
  m_CorrespondingSourceObject: {fileID: 0}
  m_PrefabInstance: {fileID: 0}
  m_PrefabAsset: {fileID: 0}
  m_GameObject: {fileID: 4089666983592770121}
  m_Enabled: 1
  m_EditorHideFlags: 0
  m_Script: {fileID: 11500000, guid: fe87c0e1cc204ed48ad3b37840f39efc, type: 3}
  m_Name: 
  m_EditorClassIdentifier: 
  m_Material: {fileID: 0}
  m_Color: {r: 1, g: 1, b: 1, a: 1}
  m_RaycastTarget: 1
  m_Maskable: 1
  m_OnCullStateChanged:
    m_PersistentCalls:
      m_Calls: []
  m_Sprite: {fileID: 21300000, guid: c16f4d9561d182b4992103b66a6bf748, type: 3}
  m_Type: 1
  m_PreserveAspect: 0
  m_FillCenter: 1
  m_FillMethod: 4
  m_FillAmount: 1
  m_FillClockwise: 1
  m_FillOrigin: 0
  m_UseSpriteMesh: 0
  m_PixelsPerUnitMultiplier: 1
--- !u!114 &6806153540013622560
MonoBehaviour:
  m_ObjectHideFlags: 0
  m_CorrespondingSourceObject: {fileID: 0}
  m_PrefabInstance: {fileID: 0}
  m_PrefabAsset: {fileID: 0}
  m_GameObject: {fileID: 4089666983592770121}
  m_Enabled: 1
  m_EditorHideFlags: 0
  m_Script: {fileID: 11500000, guid: 30649d3a9faa99c48a7b1166b86bf2a0, type: 3}
  m_Name: 
  m_EditorClassIdentifier: 
  m_Padding:
    m_Left: 10
    m_Right: 10
    m_Top: 10
    m_Bottom: 10
  m_ChildAlignment: 0
  m_Spacing: 5
  m_ChildForceExpandWidth: 0
  m_ChildForceExpandHeight: 0
  m_ChildControlWidth: 1
  m_ChildControlHeight: 1
  m_ChildScaleWidth: 0
  m_ChildScaleHeight: 0
--- !u!1 &6523886542581518917
GameObject:
  m_ObjectHideFlags: 0
  m_CorrespondingSourceObject: {fileID: 0}
  m_PrefabInstance: {fileID: 0}
  m_PrefabAsset: {fileID: 0}
  serializedVersion: 6
  m_Component:
  - component: {fileID: 939474143382515875}
  - component: {fileID: 5430271682366489295}
  m_Layer: 5
  m_Name: Member 1 Container
  m_TagString: Untagged
  m_Icon: {fileID: 0}
  m_NavMeshLayer: 0
  m_StaticEditorFlags: 0
  m_IsActive: 1
--- !u!224 &939474143382515875
RectTransform:
  m_ObjectHideFlags: 0
  m_CorrespondingSourceObject: {fileID: 0}
  m_PrefabInstance: {fileID: 0}
  m_PrefabAsset: {fileID: 0}
  m_GameObject: {fileID: 6523886542581518917}
  m_LocalRotation: {x: -0, y: -0, z: -0, w: 1}
  m_LocalPosition: {x: 0, y: 0, z: 0}
  m_LocalScale: {x: 1, y: 1, z: 1}
  m_Children: []
  m_Father: {fileID: 7795539763837711420}
  m_RootOrder: 0
  m_LocalEulerAnglesHint: {x: 0, y: 0, z: 0}
  m_AnchorMin: {x: 0, y: 0}
  m_AnchorMax: {x: 0, y: 0}
  m_AnchoredPosition: {x: 0, y: 0}
  m_SizeDelta: {x: 0, y: 0}
  m_Pivot: {x: 0, y: 1}
--- !u!114 &5430271682366489295
MonoBehaviour:
  m_ObjectHideFlags: 0
  m_CorrespondingSourceObject: {fileID: 0}
  m_PrefabInstance: {fileID: 0}
  m_PrefabAsset: {fileID: 0}
  m_GameObject: {fileID: 6523886542581518917}
  m_Enabled: 1
  m_EditorHideFlags: 0
  m_Script: {fileID: 11500000, guid: 30649d3a9faa99c48a7b1166b86bf2a0, type: 3}
  m_Name: 
  m_EditorClassIdentifier: 
  m_Padding:
    m_Left: 0
    m_Right: 0
    m_Top: 0
    m_Bottom: 0
  m_ChildAlignment: 0
  m_Spacing: 0
  m_ChildForceExpandWidth: 0
  m_ChildForceExpandHeight: 0
  m_ChildControlWidth: 1
  m_ChildControlHeight: 1
  m_ChildScaleWidth: 0
  m_ChildScaleHeight: 0
--- !u!1 &7574844013464944144
GameObject:
  m_ObjectHideFlags: 0
  m_CorrespondingSourceObject: {fileID: 0}
  m_PrefabInstance: {fileID: 0}
  m_PrefabAsset: {fileID: 0}
  serializedVersion: 6
  m_Component:
  - component: {fileID: 9173713353354741714}
  - component: {fileID: 5942564768391015818}
  - component: {fileID: 8782990687673492102}
  - component: {fileID: 1685859484868825567}
  - component: {fileID: 4638490497046119052}
  m_Layer: 5
  m_Name: Operation Label
  m_TagString: Untagged
  m_Icon: {fileID: 0}
  m_NavMeshLayer: 0
  m_StaticEditorFlags: 0
  m_IsActive: 1
--- !u!224 &9173713353354741714
RectTransform:
  m_ObjectHideFlags: 0
  m_CorrespondingSourceObject: {fileID: 0}
  m_PrefabInstance: {fileID: 0}
  m_PrefabAsset: {fileID: 0}
  m_GameObject: {fileID: 7574844013464944144}
  m_LocalRotation: {x: -0, y: -0, z: -0, w: 1}
  m_LocalPosition: {x: 0, y: 0, z: 0}
  m_LocalScale: {x: 1, y: 1, z: 1}
  m_Children: []
  m_Father: {fileID: 7795539763837711420}
  m_RootOrder: 1
  m_LocalEulerAnglesHint: {x: 0, y: 0, z: 0}
  m_AnchorMin: {x: 0, y: 0}
  m_AnchorMax: {x: 0, y: 0}
  m_AnchoredPosition: {x: 0, y: 0}
  m_SizeDelta: {x: 0, y: 0}
  m_Pivot: {x: 0, y: 1}
--- !u!222 &5942564768391015818
CanvasRenderer:
  m_ObjectHideFlags: 0
  m_CorrespondingSourceObject: {fileID: 0}
  m_PrefabInstance: {fileID: 0}
  m_PrefabAsset: {fileID: 0}
  m_GameObject: {fileID: 7574844013464944144}
  m_CullTransparentMesh: 0
--- !u!114 &8782990687673492102
MonoBehaviour:
  m_ObjectHideFlags: 0
  m_CorrespondingSourceObject: {fileID: 0}
  m_PrefabInstance: {fileID: 0}
  m_PrefabAsset: {fileID: 0}
  m_GameObject: {fileID: 7574844013464944144}
  m_Enabled: 1
  m_EditorHideFlags: 0
  m_Script: {fileID: 11500000, guid: 5f7201a12d95ffc409449d95f23cf332, type: 3}
  m_Name: 
  m_EditorClassIdentifier: 
  m_Material: {fileID: 0}
  m_Color: {r: 1, g: 1, b: 1, a: 1}
  m_RaycastTarget: 1
  m_Maskable: 1
  m_OnCullStateChanged:
    m_PersistentCalls:
      m_Calls: []
  m_FontData:
    m_Font: {fileID: 12800000, guid: cc72aaed1b20f294fb876f91801a8321, type: 3}
    m_FontSize: 24
    m_FontStyle: 0
    m_BestFit: 0
    m_MinSize: 1
    m_MaxSize: 48
    m_Alignment: 3
    m_AlignByGeometry: 0
    m_RichText: 1
    m_HorizontalOverflow: 1
    m_VerticalOverflow: 1
    m_LineSpacing: 1
  m_Text: AND
--- !u!114 &1685859484868825567
MonoBehaviour:
  m_ObjectHideFlags: 0
  m_CorrespondingSourceObject: {fileID: 0}
  m_PrefabInstance: {fileID: 0}
  m_PrefabAsset: {fileID: 0}
  m_GameObject: {fileID: 7574844013464944144}
  m_Enabled: 1
  m_EditorHideFlags: 0
  m_Script: {fileID: 11500000, guid: e19747de3f5aca642ab2be37e372fb86, type: 3}
  m_Name: 
  m_EditorClassIdentifier: 
  m_EffectColor: {r: 0.26999998, g: 0.3672, b: 0.468, a: 1}
  m_EffectDistance: {x: 1, y: -1}
  m_UseGraphicAlpha: 1
--- !u!114 &4638490497046119052
MonoBehaviour:
  m_ObjectHideFlags: 0
  m_CorrespondingSourceObject: {fileID: 0}
  m_PrefabInstance: {fileID: 0}
  m_PrefabAsset: {fileID: 0}
  m_GameObject: {fileID: 7574844013464944144}
  m_Enabled: 1
  m_EditorHideFlags: 0
  m_Script: {fileID: 11500000, guid: 306cc8c2b49d7114eaa3623786fc2126, type: 3}
  m_Name: 
  m_EditorClassIdentifier: 
  m_IgnoreLayout: 0
  m_MinWidth: 150
  m_MinHeight: 30
  m_PreferredWidth: -1
  m_PreferredHeight: -1
  m_FlexibleWidth: -1
  m_FlexibleHeight: -1
  m_LayoutPriority: 1
--- !u!114 &7492916113173191079
MonoBehaviour:
  m_ObjectHideFlags: 0
  m_CorrespondingSourceObject: {fileID: 0}
  m_PrefabInstance: {fileID: 0}
  m_PrefabAsset: {fileID: 0}
  m_GameObject: {fileID: 7702870143280346273}
  m_Enabled: 1
  m_EditorHideFlags: 0
  m_Script: {fileID: 11500000, guid: 306cc8c2b49d7114eaa3623786fc2126, type: 3}
  m_Name: 
  m_EditorClassIdentifier: 
  m_IgnoreLayout: 0
  m_MinWidth: 22
  m_MinHeight: 24
  m_PreferredWidth: 22
  m_PreferredHeight: 24
  m_FlexibleWidth: -1
  m_FlexibleHeight: -1
  m_LayoutPriority: 1
--- !u!1001 &3462644572776635594
PrefabInstance:
  m_ObjectHideFlags: 0
  serializedVersion: 2
  m_Modification:
    m_TransformParent: {fileID: 7516689958535341957}
    m_Modifications:
    - target: {fileID: 6551575762422525125, guid: f56d6f006d0e38f43ac4fdcfabac9c43,
        type: 3}
      propertyPath: m_IsActive
      value: 0
      objectReference: {fileID: 0}
    - target: {fileID: 6551575762422525127, guid: f56d6f006d0e38f43ac4fdcfabac9c43,
        type: 3}
      propertyPath: m_Text
      value: Const
      objectReference: {fileID: 0}
    - target: {fileID: 6551575763057641239, guid: f56d6f006d0e38f43ac4fdcfabac9c43,
        type: 3}
      propertyPath: m_AnchoredPosition.x
      value: -72.5
      objectReference: {fileID: 0}
    - target: {fileID: 6551575763057641239, guid: f56d6f006d0e38f43ac4fdcfabac9c43,
        type: 3}
      propertyPath: m_SizeDelta.x
      value: 135
      objectReference: {fileID: 0}
    - target: {fileID: 6551575763372927076, guid: f56d6f006d0e38f43ac4fdcfabac9c43,
        type: 3}
      propertyPath: m_Options.m_Options.Array.size
      value: 7
      objectReference: {fileID: 0}
    - target: {fileID: 6551575763372927076, guid: f56d6f006d0e38f43ac4fdcfabac9c43,
        type: 3}
      propertyPath: m_Options.m_Options.Array.data[0].m_Text
      value: Const
      objectReference: {fileID: 0}
    - target: {fileID: 6551575763372927076, guid: f56d6f006d0e38f43ac4fdcfabac9c43,
        type: 3}
      propertyPath: m_Options.m_Options.Array.data[1].m_Text
      value: Reference
      objectReference: {fileID: 0}
    - target: {fileID: 6551575763372927076, guid: f56d6f006d0e38f43ac4fdcfabac9c43,
        type: 3}
      propertyPath: m_Options.m_Options.Array.data[2].m_Text
      value: If - Else
      objectReference: {fileID: 0}
    - target: {fileID: 6551575763372927076, guid: f56d6f006d0e38f43ac4fdcfabac9c43,
        type: 3}
      propertyPath: m_Options.m_Options.Array.data[3].m_Text
      value: Is Equal
      objectReference: {fileID: 0}
    - target: {fileID: 6551575763372927076, guid: f56d6f006d0e38f43ac4fdcfabac9c43,
        type: 3}
      propertyPath: m_Options.m_Options.Array.data[4].m_Text
      value: OR op
      objectReference: {fileID: 0}
    - target: {fileID: 6551575763372927076, guid: f56d6f006d0e38f43ac4fdcfabac9c43,
        type: 3}
      propertyPath: m_Options.m_Options.Array.data[5].m_Text
      value: AND op
      objectReference: {fileID: 0}
    - target: {fileID: 6551575763372927076, guid: f56d6f006d0e38f43ac4fdcfabac9c43,
        type: 3}
      propertyPath: m_Options.m_Options.Array.data[6].m_Text
      value: NOT op
      objectReference: {fileID: 0}
    - target: {fileID: 6551575763372927076, guid: f56d6f006d0e38f43ac4fdcfabac9c43,
        type: 3}
      propertyPath: m_Value
      value: 0
      objectReference: {fileID: 0}
    - target: {fileID: 6551575763372927079, guid: f56d6f006d0e38f43ac4fdcfabac9c43,
        type: 3}
      propertyPath: m_Sprite
      value: 
      objectReference: {fileID: 21300000, guid: cce981687a9fc0f4795c54f6ba93f9f5,
        type: 3}
    - target: {fileID: 6551575763372927079, guid: f56d6f006d0e38f43ac4fdcfabac9c43,
        type: 3}
      propertyPath: m_Type
      value: 0
      objectReference: {fileID: 0}
    - target: {fileID: 6551575763372927082, guid: f56d6f006d0e38f43ac4fdcfabac9c43,
        type: 3}
      propertyPath: m_LocalPosition.x
      value: 0
      objectReference: {fileID: 0}
    - target: {fileID: 6551575763372927082, guid: f56d6f006d0e38f43ac4fdcfabac9c43,
        type: 3}
      propertyPath: m_LocalPosition.y
      value: 0
      objectReference: {fileID: 0}
    - target: {fileID: 6551575763372927082, guid: f56d6f006d0e38f43ac4fdcfabac9c43,
        type: 3}
      propertyPath: m_LocalPosition.z
      value: 0
      objectReference: {fileID: 0}
    - target: {fileID: 6551575763372927082, guid: f56d6f006d0e38f43ac4fdcfabac9c43,
        type: 3}
      propertyPath: m_LocalRotation.x
      value: -0
      objectReference: {fileID: 0}
    - target: {fileID: 6551575763372927082, guid: f56d6f006d0e38f43ac4fdcfabac9c43,
        type: 3}
      propertyPath: m_LocalRotation.y
      value: -0
      objectReference: {fileID: 0}
    - target: {fileID: 6551575763372927082, guid: f56d6f006d0e38f43ac4fdcfabac9c43,
        type: 3}
      propertyPath: m_LocalRotation.z
      value: -0
      objectReference: {fileID: 0}
    - target: {fileID: 6551575763372927082, guid: f56d6f006d0e38f43ac4fdcfabac9c43,
        type: 3}
      propertyPath: m_LocalRotation.w
      value: 1
      objectReference: {fileID: 0}
    - target: {fileID: 6551575763372927082, guid: f56d6f006d0e38f43ac4fdcfabac9c43,
        type: 3}
      propertyPath: m_RootOrder
      value: 1
      objectReference: {fileID: 0}
    - target: {fileID: 6551575763372927082, guid: f56d6f006d0e38f43ac4fdcfabac9c43,
        type: 3}
      propertyPath: m_LocalEulerAnglesHint.x
      value: 0
      objectReference: {fileID: 0}
    - target: {fileID: 6551575763372927082, guid: f56d6f006d0e38f43ac4fdcfabac9c43,
        type: 3}
      propertyPath: m_LocalEulerAnglesHint.y
      value: 0
      objectReference: {fileID: 0}
    - target: {fileID: 6551575763372927082, guid: f56d6f006d0e38f43ac4fdcfabac9c43,
        type: 3}
      propertyPath: m_LocalEulerAnglesHint.z
      value: 0
      objectReference: {fileID: 0}
    - target: {fileID: 6551575763372927082, guid: f56d6f006d0e38f43ac4fdcfabac9c43,
        type: 3}
      propertyPath: m_AnchoredPosition.x
      value: 0
      objectReference: {fileID: 0}
    - target: {fileID: 6551575763372927082, guid: f56d6f006d0e38f43ac4fdcfabac9c43,
        type: 3}
      propertyPath: m_AnchoredPosition.y
      value: 0
      objectReference: {fileID: 0}
    - target: {fileID: 6551575763372927082, guid: f56d6f006d0e38f43ac4fdcfabac9c43,
        type: 3}
      propertyPath: m_SizeDelta.x
      value: 0
      objectReference: {fileID: 0}
    - target: {fileID: 6551575763372927082, guid: f56d6f006d0e38f43ac4fdcfabac9c43,
        type: 3}
      propertyPath: m_SizeDelta.y
      value: 0
      objectReference: {fileID: 0}
    - target: {fileID: 6551575763372927082, guid: f56d6f006d0e38f43ac4fdcfabac9c43,
        type: 3}
      propertyPath: m_AnchorMin.x
      value: 0
      objectReference: {fileID: 0}
    - target: {fileID: 6551575763372927082, guid: f56d6f006d0e38f43ac4fdcfabac9c43,
        type: 3}
      propertyPath: m_AnchorMin.y
      value: 0
      objectReference: {fileID: 0}
    - target: {fileID: 6551575763372927082, guid: f56d6f006d0e38f43ac4fdcfabac9c43,
        type: 3}
      propertyPath: m_AnchorMax.x
      value: 0
      objectReference: {fileID: 0}
    - target: {fileID: 6551575763372927082, guid: f56d6f006d0e38f43ac4fdcfabac9c43,
        type: 3}
      propertyPath: m_AnchorMax.y
      value: 0
      objectReference: {fileID: 0}
    - target: {fileID: 6551575763372927082, guid: f56d6f006d0e38f43ac4fdcfabac9c43,
        type: 3}
      propertyPath: m_Pivot.x
      value: 0
      objectReference: {fileID: 0}
    - target: {fileID: 6551575763372927082, guid: f56d6f006d0e38f43ac4fdcfabac9c43,
        type: 3}
      propertyPath: m_Pivot.y
      value: 0.5
      objectReference: {fileID: 0}
    - target: {fileID: 6551575763372927083, guid: f56d6f006d0e38f43ac4fdcfabac9c43,
        type: 3}
      propertyPath: m_Name
      value: Type dropdown
      objectReference: {fileID: 0}
    m_RemovedComponents:
    - {fileID: 6551575763372927077, guid: f56d6f006d0e38f43ac4fdcfabac9c43, type: 3}
  m_SourcePrefab: {fileID: 100100000, guid: f56d6f006d0e38f43ac4fdcfabac9c43, type: 3}
--- !u!1 &7702870143280346273 stripped
GameObject:
  m_CorrespondingSourceObject: {fileID: 6551575763372927083, guid: f56d6f006d0e38f43ac4fdcfabac9c43,
    type: 3}
  m_PrefabInstance: {fileID: 3462644572776635594}
  m_PrefabAsset: {fileID: 0}
--- !u!224 &7702870143280346272 stripped
RectTransform:
  m_CorrespondingSourceObject: {fileID: 6551575763372927082, guid: f56d6f006d0e38f43ac4fdcfabac9c43,
    type: 3}
  m_PrefabInstance: {fileID: 3462644572776635594}
  m_PrefabAsset: {fileID: 0}
--- !u!114 &7702870143280346286 stripped
MonoBehaviour:
  m_CorrespondingSourceObject: {fileID: 6551575763372927076, guid: f56d6f006d0e38f43ac4fdcfabac9c43,
    type: 3}
  m_PrefabInstance: {fileID: 3462644572776635594}
  m_PrefabAsset: {fileID: 0}
  m_GameObject: {fileID: 7702870143280346273}
  m_Enabled: 1
  m_EditorHideFlags: 0
  m_Script: {fileID: 11500000, guid: 0d0b652f32a2cc243917e4028fa0f046, type: 3}
  m_Name: 
  m_EditorClassIdentifier: 
