%YAML 1.1
%TAG !u! tag:unity3d.com,2011:
--- !u!1 &1848789481804105803
GameObject:
  m_ObjectHideFlags: 0
  m_CorrespondingSourceObject: {fileID: 0}
  m_PrefabInstance: {fileID: 0}
  m_PrefabAsset: {fileID: 0}
  serializedVersion: 6
  m_Component:
  - component: {fileID: 1848789481804105800}
  - component: {fileID: 1848789481804105806}
  - component: {fileID: 1848789481804105801}
  - component: {fileID: 5397930393456848501}
  m_Layer: 5
  m_Name: name
  m_TagString: Untagged
  m_Icon: {fileID: 0}
  m_NavMeshLayer: 0
  m_StaticEditorFlags: 0
  m_IsActive: 1
--- !u!224 &1848789481804105800
RectTransform:
  m_ObjectHideFlags: 0
  m_CorrespondingSourceObject: {fileID: 0}
  m_PrefabInstance: {fileID: 0}
  m_PrefabAsset: {fileID: 0}
  m_GameObject: {fileID: 1848789481804105803}
  m_LocalRotation: {x: 0, y: 0, z: 0, w: 1}
  m_LocalPosition: {x: 0, y: 0, z: 0}
  m_LocalScale: {x: 1, y: 1, z: 1}
  m_Children: []
  m_Father: {fileID: 1848789483320356292}
  m_RootOrder: 1
  m_LocalEulerAnglesHint: {x: 0, y: 0, z: 0}
  m_AnchorMin: {x: 0, y: 0.5}
  m_AnchorMax: {x: 0, y: 0.5}
  m_AnchoredPosition: {x: 0, y: 0}
  m_SizeDelta: {x: 140, y: 36}
  m_Pivot: {x: 0, y: 0.5}
--- !u!222 &1848789481804105806
CanvasRenderer:
  m_ObjectHideFlags: 0
  m_CorrespondingSourceObject: {fileID: 0}
  m_PrefabInstance: {fileID: 0}
  m_PrefabAsset: {fileID: 0}
  m_GameObject: {fileID: 1848789481804105803}
  m_CullTransparentMesh: 0
--- !u!114 &1848789481804105801
MonoBehaviour:
  m_ObjectHideFlags: 0
  m_CorrespondingSourceObject: {fileID: 0}
  m_PrefabInstance: {fileID: 0}
  m_PrefabAsset: {fileID: 0}
  m_GameObject: {fileID: 1848789481804105803}
  m_Enabled: 1
  m_EditorHideFlags: 0
  m_Script: {fileID: 11500000, guid: 5f7201a12d95ffc409449d95f23cf332, type: 3}
  m_Name: 
  m_EditorClassIdentifier: 
  m_Material: {fileID: 0}
  m_Color: {r: 1, g: 1, b: 1, a: 1}
  m_RaycastTarget: 1
  m_Maskable: 1
  m_OnCullStateChanged:
    m_PersistentCalls:
      m_Calls: []
  m_FontData:
    m_Font: {fileID: 12800000, guid: cc72aaed1b20f294fb876f91801a8321, type: 3}
    m_FontSize: 18
    m_FontStyle: 0
    m_BestFit: 1
    m_MinSize: 1
    m_MaxSize: 18
    m_Alignment: 5
    m_AlignByGeometry: 0
    m_RichText: 1
    m_HorizontalOverflow: 0
    m_VerticalOverflow: 0
    m_LineSpacing: 1
  m_Text: this is field name
--- !u!114 &5397930393456848501
MonoBehaviour:
  m_ObjectHideFlags: 0
  m_CorrespondingSourceObject: {fileID: 0}
  m_PrefabInstance: {fileID: 0}
  m_PrefabAsset: {fileID: 0}
  m_GameObject: {fileID: 1848789481804105803}
  m_Enabled: 1
  m_EditorHideFlags: 0
  m_Script: {fileID: 11500000, guid: e19747de3f5aca642ab2be37e372fb86, type: 3}
  m_Name: 
  m_EditorClassIdentifier: 
  m_EffectColor: {r: 0, g: 0, b: 0, a: 0.5}
  m_EffectDistance: {x: 1, y: -1}
  m_UseGraphicAlpha: 1
--- !u!1 &1848789483320356295
GameObject:
  m_ObjectHideFlags: 0
  m_CorrespondingSourceObject: {fileID: 0}
  m_PrefabInstance: {fileID: 0}
  m_PrefabAsset: {fileID: 0}
  serializedVersion: 6
  m_Component:
  - component: {fileID: 1848789483320356292}
  - component: {fileID: 6502715819719042691}
  - component: {fileID: 3040932316357229896}
  - component: {fileID: 6048028982864818180}
  - component: {fileID: 4449066830225722974}
  m_Layer: 5
  m_Name: DropdownField
  m_TagString: Untagged
  m_Icon: {fileID: 0}
  m_NavMeshLayer: 0
  m_StaticEditorFlags: 0
  m_IsActive: 1
--- !u!224 &1848789483320356292
RectTransform:
  m_ObjectHideFlags: 0
  m_CorrespondingSourceObject: {fileID: 0}
  m_PrefabInstance: {fileID: 0}
  m_PrefabAsset: {fileID: 0}
  m_GameObject: {fileID: 1848789483320356295}
  m_LocalRotation: {x: 0, y: 0, z: 0, w: 1}
  m_LocalPosition: {x: 0, y: 0, z: 0}
  m_LocalScale: {x: 1, y: 1, z: 1}
  m_Children:
  - {fileID: 1761097612713078028}
  - {fileID: 1848789481804105800}
  m_Father: {fileID: 0}
  m_RootOrder: 0
  m_LocalEulerAnglesHint: {x: 0, y: 0, z: 0}
  m_AnchorMin: {x: 0, y: 0}
  m_AnchorMax: {x: 0, y: 0}
  m_AnchoredPosition: {x: 0, y: 0}
  m_SizeDelta: {x: 360, y: 38}
  m_Pivot: {x: 1, y: 0.5}
--- !u!114 &6502715819719042691
MonoBehaviour:
  m_ObjectHideFlags: 0
  m_CorrespondingSourceObject: {fileID: 0}
  m_PrefabInstance: {fileID: 0}
  m_PrefabAsset: {fileID: 0}
  m_GameObject: {fileID: 1848789483320356295}
  m_Enabled: 1
  m_EditorHideFlags: 0
  m_Script: {fileID: 11500000, guid: 0164a7c60bb8de34d99778466f4d55ec, type: 3}
  m_Name: 
  m_EditorClassIdentifier: 
  valueToggle: {fileID: 0}
--- !u!222 &3040932316357229896
CanvasRenderer:
  m_ObjectHideFlags: 0
  m_CorrespondingSourceObject: {fileID: 0}
  m_PrefabInstance: {fileID: 0}
  m_PrefabAsset: {fileID: 0}
  m_GameObject: {fileID: 1848789483320356295}
  m_CullTransparentMesh: 0
--- !u!114 &6048028982864818180
MonoBehaviour:
  m_ObjectHideFlags: 0
  m_CorrespondingSourceObject: {fileID: 0}
  m_PrefabInstance: {fileID: 0}
  m_PrefabAsset: {fileID: 0}
  m_GameObject: {fileID: 1848789483320356295}
  m_Enabled: 1
  m_EditorHideFlags: 0
  m_Script: {fileID: 11500000, guid: fe87c0e1cc204ed48ad3b37840f39efc, type: 3}
  m_Name: 
  m_EditorClassIdentifier: 
  m_Material: {fileID: 0}
  m_Color: {r: 1, g: 1, b: 1, a: 0}
  m_RaycastTarget: 1
  m_Maskable: 1
  m_OnCullStateChanged:
    m_PersistentCalls:
      m_Calls: []
  m_Sprite: {fileID: 0}
  m_Type: 0
  m_PreserveAspect: 0
  m_FillCenter: 1
  m_FillMethod: 4
  m_FillAmount: 1
  m_FillClockwise: 1
  m_FillOrigin: 0
  m_UseSpriteMesh: 0
  m_PixelsPerUnitMultiplier: 1
--- !u!114 &4449066830225722974
MonoBehaviour:
  m_ObjectHideFlags: 0
  m_CorrespondingSourceObject: {fileID: 0}
  m_PrefabInstance: {fileID: 0}
  m_PrefabAsset: {fileID: 0}
  m_GameObject: {fileID: 1848789483320356295}
  m_Enabled: 1
  m_EditorHideFlags: 0
  m_Script: {fileID: 11500000, guid: 2ab5876efb848244f8f1bc29d6b73a28, type: 3}
  m_Name: 
  m_EditorClassIdentifier: 
  message: 
--- !u!1001 &4799556835888317798
PrefabInstance:
  m_ObjectHideFlags: 0
  serializedVersion: 2
  m_Modification:
    m_TransformParent: {fileID: 1848789483320356292}
    m_Modifications:
    - target: {fileID: 6551575762422525124, guid: f56d6f006d0e38f43ac4fdcfabac9c43,
        type: 3}
      propertyPath: m_AnchoredPosition.y
      value: 3.165
      objectReference: {fileID: 0}
    - target: {fileID: 6551575762422525124, guid: f56d6f006d0e38f43ac4fdcfabac9c43,
        type: 3}
      propertyPath: m_SizeDelta.y
      value: -17.989998
      objectReference: {fileID: 0}
    - target: {fileID: 6551575762422525124, guid: f56d6f006d0e38f43ac4fdcfabac9c43,
        type: 3}
      propertyPath: m_AnchoredPosition.x
      value: -11.75
      objectReference: {fileID: 0}
    - target: {fileID: 6551575762422525124, guid: f56d6f006d0e38f43ac4fdcfabac9c43,
        type: 3}
      propertyPath: m_SizeDelta.x
      value: -51.5
      objectReference: {fileID: 0}
    - target: {fileID: 6551575762422525127, guid: f56d6f006d0e38f43ac4fdcfabac9c43,
        type: 3}
      propertyPath: m_FontData.m_BestFit
      value: 1
      objectReference: {fileID: 0}
    - target: {fileID: 6551575762422525127, guid: f56d6f006d0e38f43ac4fdcfabac9c43,
        type: 3}
      propertyPath: m_FontData.m_MaxSize
      value: 18
      objectReference: {fileID: 0}
    - target: {fileID: 6551575763057641236, guid: f56d6f006d0e38f43ac4fdcfabac9c43,
        type: 3}
      propertyPath: m_IsActive
      value: 0
      objectReference: {fileID: 0}
    - target: {fileID: 6551575763057641239, guid: f56d6f006d0e38f43ac4fdcfabac9c43,
        type: 3}
      propertyPath: m_AnchoredPosition.x
      value: -75
      objectReference: {fileID: 0}
    - target: {fileID: 6551575763057641239, guid: f56d6f006d0e38f43ac4fdcfabac9c43,
        type: 3}
      propertyPath: m_SizeDelta.x
      value: 140
      objectReference: {fileID: 0}
    - target: {fileID: 6551575763372927082, guid: f56d6f006d0e38f43ac4fdcfabac9c43,
        type: 3}
      propertyPath: m_LocalPosition.x
      value: 0
      objectReference: {fileID: 0}
    - target: {fileID: 6551575763372927082, guid: f56d6f006d0e38f43ac4fdcfabac9c43,
        type: 3}
      propertyPath: m_LocalPosition.y
      value: 0
      objectReference: {fileID: 0}
    - target: {fileID: 6551575763372927082, guid: f56d6f006d0e38f43ac4fdcfabac9c43,
        type: 3}
      propertyPath: m_LocalPosition.z
      value: 0
      objectReference: {fileID: 0}
    - target: {fileID: 6551575763372927082, guid: f56d6f006d0e38f43ac4fdcfabac9c43,
        type: 3}
      propertyPath: m_LocalRotation.x
      value: -0
      objectReference: {fileID: 0}
    - target: {fileID: 6551575763372927082, guid: f56d6f006d0e38f43ac4fdcfabac9c43,
        type: 3}
      propertyPath: m_LocalRotation.y
      value: -0
      objectReference: {fileID: 0}
    - target: {fileID: 6551575763372927082, guid: f56d6f006d0e38f43ac4fdcfabac9c43,
        type: 3}
      propertyPath: m_LocalRotation.z
      value: -0
      objectReference: {fileID: 0}
    - target: {fileID: 6551575763372927082, guid: f56d6f006d0e38f43ac4fdcfabac9c43,
        type: 3}
      propertyPath: m_LocalRotation.w
      value: 1
      objectReference: {fileID: 0}
    - target: {fileID: 6551575763372927082, guid: f56d6f006d0e38f43ac4fdcfabac9c43,
        type: 3}
      propertyPath: m_RootOrder
      value: 0
      objectReference: {fileID: 0}
    - target: {fileID: 6551575763372927082, guid: f56d6f006d0e38f43ac4fdcfabac9c43,
        type: 3}
      propertyPath: m_LocalEulerAnglesHint.x
      value: 0
      objectReference: {fileID: 0}
    - target: {fileID: 6551575763372927082, guid: f56d6f006d0e38f43ac4fdcfabac9c43,
        type: 3}
      propertyPath: m_LocalEulerAnglesHint.y
      value: 0
      objectReference: {fileID: 0}
    - target: {fileID: 6551575763372927082, guid: f56d6f006d0e38f43ac4fdcfabac9c43,
        type: 3}
      propertyPath: m_LocalEulerAnglesHint.z
      value: 0
      objectReference: {fileID: 0}
    - target: {fileID: 6551575763372927082, guid: f56d6f006d0e38f43ac4fdcfabac9c43,
        type: 3}
      propertyPath: m_AnchoredPosition.x
      value: 72.5
      objectReference: {fileID: 0}
    - target: {fileID: 6551575763372927082, guid: f56d6f006d0e38f43ac4fdcfabac9c43,
        type: 3}
      propertyPath: m_AnchoredPosition.y
      value: 0
      objectReference: {fileID: 0}
    - target: {fileID: 6551575763372927082, guid: f56d6f006d0e38f43ac4fdcfabac9c43,
        type: 3}
      propertyPath: m_SizeDelta.x
      value: -145
      objectReference: {fileID: 0}
    - target: {fileID: 6551575763372927082, guid: f56d6f006d0e38f43ac4fdcfabac9c43,
        type: 3}
      propertyPath: m_SizeDelta.y
      value: 38
      objectReference: {fileID: 0}
    - target: {fileID: 6551575763372927082, guid: f56d6f006d0e38f43ac4fdcfabac9c43,
        type: 3}
      propertyPath: m_AnchorMin.x
      value: 0
      objectReference: {fileID: 0}
    - target: {fileID: 6551575763372927082, guid: f56d6f006d0e38f43ac4fdcfabac9c43,
        type: 3}
      propertyPath: m_AnchorMin.y
      value: 0.5
      objectReference: {fileID: 0}
    - target: {fileID: 6551575763372927082, guid: f56d6f006d0e38f43ac4fdcfabac9c43,
        type: 3}
      propertyPath: m_AnchorMax.x
      value: 1
      objectReference: {fileID: 0}
    - target: {fileID: 6551575763372927082, guid: f56d6f006d0e38f43ac4fdcfabac9c43,
        type: 3}
      propertyPath: m_AnchorMax.y
      value: 0.5
      objectReference: {fileID: 0}
    - target: {fileID: 6551575763372927082, guid: f56d6f006d0e38f43ac4fdcfabac9c43,
        type: 3}
      propertyPath: m_Pivot.x
      value: 0.5
      objectReference: {fileID: 0}
    - target: {fileID: 6551575763372927082, guid: f56d6f006d0e38f43ac4fdcfabac9c43,
        type: 3}
      propertyPath: m_Pivot.y
      value: 0.5
      objectReference: {fileID: 0}
    - target: {fileID: 6551575763372927083, guid: f56d6f006d0e38f43ac4fdcfabac9c43,
        type: 3}
      propertyPath: m_Name
      value: Generic Dropdown
      objectReference: {fileID: 0}
    - target: {fileID: 6551575763372927083, guid: f56d6f006d0e38f43ac4fdcfabac9c43,
        type: 3}
      propertyPath: m_IsActive
      value: 1
      objectReference: {fileID: 0}
    m_RemovedComponents: []
  m_SourcePrefab: {fileID: 100100000, guid: f56d6f006d0e38f43ac4fdcfabac9c43, type: 3}
--- !u!224 &1761097612713078028 stripped
RectTransform:
  m_CorrespondingSourceObject: {fileID: 6551575763372927082, guid: f56d6f006d0e38f43ac4fdcfabac9c43,
    type: 3}
  m_PrefabInstance: {fileID: 4799556835888317798}
  m_PrefabAsset: {fileID: 0}
