%YAML 1.1
%TAG !u! tag:unity3d.com,2011:
--- !u!1 &4674427022930978195
GameObject:
  m_ObjectHideFlags: 0
  m_CorrespondingSourceObject: {fileID: 0}
  m_PrefabInstance: {fileID: 0}
  m_PrefabAsset: {fileID: 0}
  serializedVersion: 6
  m_Component:
  - component: {fileID: 539251040397316629}
  m_Layer: 5
  m_Name: Outline
  m_TagString: Untagged
  m_Icon: {fileID: 0}
  m_NavMeshLayer: 0
  m_StaticEditorFlags: 0
  m_IsActive: 1
--- !u!4 &539251040397316629
Transform:
  m_ObjectHideFlags: 0
  m_CorrespondingSourceObject: {fileID: 0}
  m_PrefabInstance: {fileID: 0}
  m_PrefabAsset: {fileID: 0}
  m_GameObject: {fileID: 4674427022930978195}
  m_LocalRotation: {x: 0, y: 0, z: 0, w: 1}
  m_LocalPosition: {x: 0, y: 0, z: 0}
  m_LocalScale: {x: 1, y: 1, z: 1}
  m_Children: []
  m_Father: {fileID: 5238349623335594439}
  m_RootOrder: 0
  m_LocalEulerAnglesHint: {x: 0, y: 0, z: 0}
--- !u!1 &5238349621697711176
GameObject:
  m_ObjectHideFlags: 0
  m_CorrespondingSourceObject: {fileID: 0}
  m_PrefabInstance: {fileID: 0}
  m_PrefabAsset: {fileID: 0}
  serializedVersion: 6
  m_Component:
  - component: {fileID: 5238349621697711179}
  - component: {fileID: 802813443202287372}
  - component: {fileID: 1674074891485960754}
  - component: {fileID: 735679444237146468}
  - component: {fileID: 5597571784867604524}
  m_Layer: 5
  m_Name: Field
  m_TagString: Untagged
  m_Icon: {fileID: 0}
  m_NavMeshLayer: 0
  m_StaticEditorFlags: 0
  m_IsActive: 1
--- !u!224 &5238349621697711179
RectTransform:
  m_ObjectHideFlags: 0
  m_CorrespondingSourceObject: {fileID: 0}
  m_PrefabInstance: {fileID: 0}
  m_PrefabAsset: {fileID: 0}
  m_GameObject: {fileID: 5238349621697711176}
  m_LocalRotation: {x: 0, y: 0, z: 0, w: 1}
  m_LocalPosition: {x: 0, y: 0, z: 0}
  m_LocalScale: {x: 1, y: 1, z: 1}
  m_Children:
  - {fileID: 5238349623335594439}
  - {fileID: 7508501960186034809}
  - {fileID: 2685580663061999555}
  m_Father: {fileID: 0}
  m_RootOrder: 0
  m_LocalEulerAnglesHint: {x: 0, y: 0, z: 0}
  m_AnchorMin: {x: 0, y: 0}
  m_AnchorMax: {x: 0, y: 0}
  m_AnchoredPosition: {x: 0, y: 0}
  m_SizeDelta: {x: 300, y: 38}
  m_Pivot: {x: 1, y: 0.5}
--- !u!114 &802813443202287372
MonoBehaviour:
  m_ObjectHideFlags: 0
  m_CorrespondingSourceObject: {fileID: 0}
  m_PrefabInstance: {fileID: 0}
  m_PrefabAsset: {fileID: 0}
  m_GameObject: {fileID: 5238349621697711176}
  m_Enabled: 1
  m_EditorHideFlags: 0
  m_Script: {fileID: 11500000, guid: 0164a7c60bb8de34d99778466f4d55ec, type: 3}
  m_Name: 
  m_EditorClassIdentifier: 
  valueToggle: {fileID: 2685580663061998653}
--- !u!222 &1674074891485960754
CanvasRenderer:
  m_ObjectHideFlags: 0
  m_CorrespondingSourceObject: {fileID: 0}
  m_PrefabInstance: {fileID: 0}
  m_PrefabAsset: {fileID: 0}
  m_GameObject: {fileID: 5238349621697711176}
  m_CullTransparentMesh: 0
--- !u!114 &735679444237146468
MonoBehaviour:
  m_ObjectHideFlags: 0
  m_CorrespondingSourceObject: {fileID: 0}
  m_PrefabInstance: {fileID: 0}
  m_PrefabAsset: {fileID: 0}
  m_GameObject: {fileID: 5238349621697711176}
  m_Enabled: 1
  m_EditorHideFlags: 0
  m_Script: {fileID: 11500000, guid: fe87c0e1cc204ed48ad3b37840f39efc, type: 3}
  m_Name: 
  m_EditorClassIdentifier: 
  m_Material: {fileID: 0}
  m_Color: {r: 1, g: 1, b: 1, a: 0}
  m_RaycastTarget: 1
  m_Maskable: 1
  m_OnCullStateChanged:
    m_PersistentCalls:
      m_Calls: []
  m_Sprite: {fileID: 0}
  m_Type: 0
  m_PreserveAspect: 0
  m_FillCenter: 1
  m_FillMethod: 4
  m_FillAmount: 1
  m_FillClockwise: 1
  m_FillOrigin: 0
  m_UseSpriteMesh: 0
  m_PixelsPerUnitMultiplier: 1
--- !u!114 &5597571784867604524
MonoBehaviour:
  m_ObjectHideFlags: 0
  m_CorrespondingSourceObject: {fileID: 0}
  m_PrefabInstance: {fileID: 0}
  m_PrefabAsset: {fileID: 0}
  m_GameObject: {fileID: 5238349621697711176}
  m_Enabled: 1
  m_EditorHideFlags: 0
  m_Script: {fileID: 11500000, guid: 2ab5876efb848244f8f1bc29d6b73a28, type: 3}
  m_Name: 
  m_EditorClassIdentifier: 
  message: 
--- !u!1 &5238349623335594436
GameObject:
  m_ObjectHideFlags: 0
  m_CorrespondingSourceObject: {fileID: 0}
  m_PrefabInstance: {fileID: 0}
  m_PrefabAsset: {fileID: 0}
  serializedVersion: 6
  m_Component:
  - component: {fileID: 5238349623335594439}
  - component: {fileID: 5238349623335594433}
  - component: {fileID: 5238349623335594438}
  - component: {fileID: 733925702393353368}
  m_Layer: 5
  m_Name: name
  m_TagString: Untagged
  m_Icon: {fileID: 0}
  m_NavMeshLayer: 0
  m_StaticEditorFlags: 0
  m_IsActive: 1
--- !u!224 &5238349623335594439
RectTransform:
  m_ObjectHideFlags: 0
  m_CorrespondingSourceObject: {fileID: 0}
  m_PrefabInstance: {fileID: 0}
  m_PrefabAsset: {fileID: 0}
  m_GameObject: {fileID: 5238349623335594436}
  m_LocalRotation: {x: 0, y: 0, z: 0, w: 1}
  m_LocalPosition: {x: 0, y: 0, z: 0}
  m_LocalScale: {x: 1, y: 1, z: 1}
  m_Children:
  - {fileID: 539251040397316629}
  m_Father: {fileID: 5238349621697711179}
  m_RootOrder: 0
  m_LocalEulerAnglesHint: {x: 0, y: 0, z: 0}
  m_AnchorMin: {x: 0, y: 0.5}
  m_AnchorMax: {x: 0, y: 0.5}
  m_AnchoredPosition: {x: 0, y: 0}
  m_SizeDelta: {x: 140, y: 38}
  m_Pivot: {x: 0, y: 0.5}
--- !u!222 &5238349623335594433
CanvasRenderer:
  m_ObjectHideFlags: 0
  m_CorrespondingSourceObject: {fileID: 0}
  m_PrefabInstance: {fileID: 0}
  m_PrefabAsset: {fileID: 0}
  m_GameObject: {fileID: 5238349623335594436}
  m_CullTransparentMesh: 0
--- !u!114 &5238349623335594438
MonoBehaviour:
  m_ObjectHideFlags: 0
  m_CorrespondingSourceObject: {fileID: 0}
  m_PrefabInstance: {fileID: 0}
  m_PrefabAsset: {fileID: 0}
  m_GameObject: {fileID: 5238349623335594436}
  m_Enabled: 1
  m_EditorHideFlags: 0
  m_Script: {fileID: 11500000, guid: 5f7201a12d95ffc409449d95f23cf332, type: 3}
  m_Name: 
  m_EditorClassIdentifier: 
  m_Material: {fileID: 0}
  m_Color: {r: 1, g: 1, b: 1, a: 1}
  m_RaycastTarget: 1
  m_Maskable: 1
  m_OnCullStateChanged:
    m_PersistentCalls:
      m_Calls: []
  m_FontData:
    m_Font: {fileID: 12800000, guid: cc72aaed1b20f294fb876f91801a8321, type: 3}
    m_FontSize: 0
    m_FontStyle: 0
    m_BestFit: 1
    m_MinSize: 0
    m_MaxSize: 18
    m_Alignment: 5
    m_AlignByGeometry: 0
    m_RichText: 1
    m_HorizontalOverflow: 0
    m_VerticalOverflow: 0
    m_LineSpacing: 1
  m_Text: this is field name
--- !u!114 &733925702393353368
MonoBehaviour:
  m_ObjectHideFlags: 0
  m_CorrespondingSourceObject: {fileID: 0}
  m_PrefabInstance: {fileID: 0}
  m_PrefabAsset: {fileID: 0}
  m_GameObject: {fileID: 5238349623335594436}
  m_Enabled: 1
  m_EditorHideFlags: 0
  m_Script: {fileID: 11500000, guid: e19747de3f5aca642ab2be37e372fb86, type: 3}
  m_Name: 
  m_EditorClassIdentifier: 
  m_EffectColor: {r: 0, g: 0, b: 0, a: 0.5}
  m_EffectDistance: {x: 1, y: -1}
  m_UseGraphicAlpha: 1
--- !u!1001 &4399149738524568297
PrefabInstance:
  m_ObjectHideFlags: 0
  serializedVersion: 2
  m_Modification:
    m_TransformParent: {fileID: 5238349621697711179}
    m_Modifications:
    - target: {fileID: 6142740159613178769, guid: f1b2245835840ea43ab819d94bc9e657,
        type: 3}
      propertyPath: m_FontData.m_Font
      value: 
      objectReference: {fileID: 12800000, guid: cc72aaed1b20f294fb876f91801a8321,
        type: 3}
    - target: {fileID: 6142740159682607842, guid: f1b2245835840ea43ab819d94bc9e657,
        type: 3}
      propertyPath: m_FontData.m_Font
      value: 
      objectReference: {fileID: 12800000, guid: cc72aaed1b20f294fb876f91801a8321,
        type: 3}
    - target: {fileID: 6142740159682607842, guid: f1b2245835840ea43ab819d94bc9e657,
        type: 3}
      propertyPath: m_Enabled
      value: 1
      objectReference: {fileID: 0}
    - target: {fileID: 6142740160576753808, guid: f1b2245835840ea43ab819d94bc9e657,
        type: 3}
      propertyPath: m_LocalPosition.x
      value: 0
      objectReference: {fileID: 0}
    - target: {fileID: 6142740160576753808, guid: f1b2245835840ea43ab819d94bc9e657,
        type: 3}
      propertyPath: m_LocalPosition.y
      value: 0
      objectReference: {fileID: 0}
    - target: {fileID: 6142740160576753808, guid: f1b2245835840ea43ab819d94bc9e657,
        type: 3}
      propertyPath: m_LocalPosition.z
      value: 0
      objectReference: {fileID: 0}
    - target: {fileID: 6142740160576753808, guid: f1b2245835840ea43ab819d94bc9e657,
        type: 3}
      propertyPath: m_LocalRotation.x
      value: -0
      objectReference: {fileID: 0}
    - target: {fileID: 6142740160576753808, guid: f1b2245835840ea43ab819d94bc9e657,
        type: 3}
      propertyPath: m_LocalRotation.y
      value: -0
      objectReference: {fileID: 0}
    - target: {fileID: 6142740160576753808, guid: f1b2245835840ea43ab819d94bc9e657,
        type: 3}
      propertyPath: m_LocalRotation.z
      value: -0
      objectReference: {fileID: 0}
    - target: {fileID: 6142740160576753808, guid: f1b2245835840ea43ab819d94bc9e657,
        type: 3}
      propertyPath: m_LocalRotation.w
      value: 1
      objectReference: {fileID: 0}
    - target: {fileID: 6142740160576753808, guid: f1b2245835840ea43ab819d94bc9e657,
        type: 3}
      propertyPath: m_RootOrder
      value: 1
      objectReference: {fileID: 0}
    - target: {fileID: 6142740160576753808, guid: f1b2245835840ea43ab819d94bc9e657,
        type: 3}
      propertyPath: m_LocalEulerAnglesHint.x
      value: 0
      objectReference: {fileID: 0}
    - target: {fileID: 6142740160576753808, guid: f1b2245835840ea43ab819d94bc9e657,
        type: 3}
      propertyPath: m_LocalEulerAnglesHint.y
      value: 0
      objectReference: {fileID: 0}
    - target: {fileID: 6142740160576753808, guid: f1b2245835840ea43ab819d94bc9e657,
        type: 3}
      propertyPath: m_LocalEulerAnglesHint.z
      value: 0
      objectReference: {fileID: 0}
    - target: {fileID: 6142740160576753808, guid: f1b2245835840ea43ab819d94bc9e657,
        type: 3}
      propertyPath: m_AnchoredPosition.x
      value: 75
      objectReference: {fileID: 0}
    - target: {fileID: 6142740160576753808, guid: f1b2245835840ea43ab819d94bc9e657,
        type: 3}
      propertyPath: m_AnchoredPosition.y
      value: 0
      objectReference: {fileID: 0}
    - target: {fileID: 6142740160576753808, guid: f1b2245835840ea43ab819d94bc9e657,
        type: 3}
      propertyPath: m_SizeDelta.x
      value: -150
      objectReference: {fileID: 0}
    - target: {fileID: 6142740160576753808, guid: f1b2245835840ea43ab819d94bc9e657,
        type: 3}
      propertyPath: m_SizeDelta.y
      value: 36
      objectReference: {fileID: 0}
    - target: {fileID: 6142740160576753808, guid: f1b2245835840ea43ab819d94bc9e657,
        type: 3}
      propertyPath: m_AnchorMin.x
      value: 0
      objectReference: {fileID: 0}
    - target: {fileID: 6142740160576753808, guid: f1b2245835840ea43ab819d94bc9e657,
        type: 3}
      propertyPath: m_AnchorMin.y
      value: 0.5
      objectReference: {fileID: 0}
    - target: {fileID: 6142740160576753808, guid: f1b2245835840ea43ab819d94bc9e657,
        type: 3}
      propertyPath: m_AnchorMax.x
      value: 1
      objectReference: {fileID: 0}
    - target: {fileID: 6142740160576753808, guid: f1b2245835840ea43ab819d94bc9e657,
        type: 3}
      propertyPath: m_AnchorMax.y
      value: 0.5
      objectReference: {fileID: 0}
    - target: {fileID: 6142740160576753808, guid: f1b2245835840ea43ab819d94bc9e657,
        type: 3}
      propertyPath: m_Pivot.x
      value: 0.5
      objectReference: {fileID: 0}
    - target: {fileID: 6142740160576753808, guid: f1b2245835840ea43ab819d94bc9e657,
        type: 3}
      propertyPath: m_Pivot.y
      value: 0.5
      objectReference: {fileID: 0}
    - target: {fileID: 6142740160576753809, guid: f1b2245835840ea43ab819d94bc9e657,
        type: 3}
      propertyPath: m_Text
      value: 
      objectReference: {fileID: 0}
    - target: {fileID: 6142740160576753811, guid: f1b2245835840ea43ab819d94bc9e657,
        type: 3}
      propertyPath: m_Name
      value: value
      objectReference: {fileID: 0}
    - target: {fileID: 6142740160576753811, guid: f1b2245835840ea43ab819d94bc9e657,
        type: 3}
      propertyPath: m_IsActive
      value: 1
      objectReference: {fileID: 0}
    m_RemovedComponents: []
  m_SourcePrefab: {fileID: 100100000, guid: f1b2245835840ea43ab819d94bc9e657, type: 3}
--- !u!224 &7508501960186034809 stripped
RectTransform:
  m_CorrespondingSourceObject: {fileID: 6142740160576753808, guid: f1b2245835840ea43ab819d94bc9e657,
    type: 3}
  m_PrefabInstance: {fileID: 4399149738524568297}
  m_PrefabAsset: {fileID: 0}
--- !u!1001 &4974120017629433026
PrefabInstance:
  m_ObjectHideFlags: 0
  serializedVersion: 2
  m_Modification:
    m_TransformParent: {fileID: 5238349621697711179}
    m_Modifications:
    - target: {fileID: 6936254462352074596, guid: 28854e4bb4eb26a439e964133307f132,
        type: 3}
      propertyPath: m_FontData.m_Font
      value: 
      objectReference: {fileID: 12800000, guid: cc72aaed1b20f294fb876f91801a8321,
        type: 3}
    - target: {fileID: 6936254462352074598, guid: 28854e4bb4eb26a439e964133307f132,
        type: 3}
      propertyPath: m_IsActive
      value: 0
      objectReference: {fileID: 0}
    - target: {fileID: 6936254462507983617, guid: 28854e4bb4eb26a439e964133307f132,
        type: 3}
      propertyPath: m_LocalPosition.x
      value: 0
      objectReference: {fileID: 0}
    - target: {fileID: 6936254462507983617, guid: 28854e4bb4eb26a439e964133307f132,
        type: 3}
      propertyPath: m_LocalPosition.y
      value: 0
      objectReference: {fileID: 0}
    - target: {fileID: 6936254462507983617, guid: 28854e4bb4eb26a439e964133307f132,
        type: 3}
      propertyPath: m_LocalPosition.z
      value: 0
      objectReference: {fileID: 0}
    - target: {fileID: 6936254462507983617, guid: 28854e4bb4eb26a439e964133307f132,
        type: 3}
      propertyPath: m_LocalRotation.x
      value: -0
      objectReference: {fileID: 0}
    - target: {fileID: 6936254462507983617, guid: 28854e4bb4eb26a439e964133307f132,
        type: 3}
      propertyPath: m_LocalRotation.y
      value: -0
      objectReference: {fileID: 0}
    - target: {fileID: 6936254462507983617, guid: 28854e4bb4eb26a439e964133307f132,
        type: 3}
      propertyPath: m_LocalRotation.z
      value: -0
      objectReference: {fileID: 0}
    - target: {fileID: 6936254462507983617, guid: 28854e4bb4eb26a439e964133307f132,
        type: 3}
      propertyPath: m_LocalRotation.w
      value: 1
      objectReference: {fileID: 0}
    - target: {fileID: 6936254462507983617, guid: 28854e4bb4eb26a439e964133307f132,
        type: 3}
      propertyPath: m_RootOrder
      value: 2
      objectReference: {fileID: 0}
    - target: {fileID: 6936254462507983617, guid: 28854e4bb4eb26a439e964133307f132,
        type: 3}
      propertyPath: m_LocalEulerAnglesHint.x
      value: 0
      objectReference: {fileID: 0}
    - target: {fileID: 6936254462507983617, guid: 28854e4bb4eb26a439e964133307f132,
        type: 3}
      propertyPath: m_LocalEulerAnglesHint.y
      value: 0
      objectReference: {fileID: 0}
    - target: {fileID: 6936254462507983617, guid: 28854e4bb4eb26a439e964133307f132,
        type: 3}
      propertyPath: m_LocalEulerAnglesHint.z
      value: 0
      objectReference: {fileID: 0}
    - target: {fileID: 6936254462507983617, guid: 28854e4bb4eb26a439e964133307f132,
        type: 3}
      propertyPath: m_AnchoredPosition.x
      value: 75
      objectReference: {fileID: 0}
    - target: {fileID: 6936254462507983617, guid: 28854e4bb4eb26a439e964133307f132,
        type: 3}
      propertyPath: m_AnchoredPosition.y
      value: 0
      objectReference: {fileID: 0}
    - target: {fileID: 6936254462507983617, guid: 28854e4bb4eb26a439e964133307f132,
        type: 3}
      propertyPath: m_SizeDelta.x
      value: -150
      objectReference: {fileID: 0}
    - target: {fileID: 6936254462507983617, guid: 28854e4bb4eb26a439e964133307f132,
        type: 3}
      propertyPath: m_SizeDelta.y
      value: 40
      objectReference: {fileID: 0}
    - target: {fileID: 6936254462507983617, guid: 28854e4bb4eb26a439e964133307f132,
        type: 3}
      propertyPath: m_AnchorMin.x
      value: 0
      objectReference: {fileID: 0}
    - target: {fileID: 6936254462507983617, guid: 28854e4bb4eb26a439e964133307f132,
        type: 3}
      propertyPath: m_AnchorMin.y
      value: 0.5
      objectReference: {fileID: 0}
    - target: {fileID: 6936254462507983617, guid: 28854e4bb4eb26a439e964133307f132,
        type: 3}
      propertyPath: m_AnchorMax.x
      value: 1
      objectReference: {fileID: 0}
    - target: {fileID: 6936254462507983617, guid: 28854e4bb4eb26a439e964133307f132,
        type: 3}
      propertyPath: m_AnchorMax.y
      value: 0.5
      objectReference: {fileID: 0}
    - target: {fileID: 6936254462507983617, guid: 28854e4bb4eb26a439e964133307f132,
        type: 3}
      propertyPath: m_Pivot.x
      value: 0.5
      objectReference: {fileID: 0}
    - target: {fileID: 6936254462507983617, guid: 28854e4bb4eb26a439e964133307f132,
        type: 3}
      propertyPath: m_Pivot.y
      value: 0.5
      objectReference: {fileID: 0}
    - target: {fileID: 6936254462507983618, guid: 28854e4bb4eb26a439e964133307f132,
        type: 3}
      propertyPath: m_Name
      value: toggle value
      objectReference: {fileID: 0}
    - target: {fileID: 6936254462507983618, guid: 28854e4bb4eb26a439e964133307f132,
        type: 3}
      propertyPath: m_IsActive
      value: 0
      objectReference: {fileID: 0}
    m_RemovedComponents: []
  m_SourcePrefab: {fileID: 100100000, guid: 28854e4bb4eb26a439e964133307f132, type: 3}
--- !u!224 &2685580663061999555 stripped
RectTransform:
  m_CorrespondingSourceObject: {fileID: 6936254462507983617, guid: 28854e4bb4eb26a439e964133307f132,
    type: 3}
  m_PrefabInstance: {fileID: 4974120017629433026}
  m_PrefabAsset: {fileID: 0}
--- !u!114 &2685580663061998653 stripped
MonoBehaviour:
  m_CorrespondingSourceObject: {fileID: 6936254462507983103, guid: 28854e4bb4eb26a439e964133307f132,
    type: 3}
  m_PrefabInstance: {fileID: 4974120017629433026}
  m_PrefabAsset: {fileID: 0}
  m_GameObject: {fileID: 0}
  m_Enabled: 1
  m_EditorHideFlags: 0
  m_Script: {fileID: 11500000, guid: 9085046f02f69544eb97fd06b6048fe2, type: 3}
  m_Name: 
  m_EditorClassIdentifier: 
