%YAML 1.1
%TAG !u! tag:unity3d.com,2011:
--- !u!1 &444502730548535921
GameObject:
  m_ObjectHideFlags: 0
  m_CorrespondingSourceObject: {fileID: 0}
  m_PrefabInstance: {fileID: 0}
  m_PrefabAsset: {fileID: 0}
  serializedVersion: 6
  m_Component:
  - component: {fileID: 7296929445074954047}
  - component: {fileID: 1218088087045717653}
  - component: {fileID: 719404616929027623}
  m_Layer: 5
  m_Name: Map List Version Entry
  m_TagString: Untagged
  m_Icon: {fileID: 0}
  m_NavMeshLayer: 0
  m_StaticEditorFlags: 0
  m_IsActive: 1
--- !u!224 &7296929445074954047
RectTransform:
  m_ObjectHideFlags: 0
  m_CorrespondingSourceObject: {fileID: 0}
  m_PrefabInstance: {fileID: 0}
  m_PrefabAsset: {fileID: 0}
  m_GameObject: {fileID: 444502730548535921}
  m_LocalRotation: {x: 0, y: 0, z: 0, w: 1}
  m_LocalPosition: {x: 0, y: 0, z: 0}
  m_LocalScale: {x: 1, y: 1, z: 1}
  m_Children:
  - {fileID: 6140757668885917283}
  - {fileID: 5916355833861915538}
  - {fileID: 741625148627873461}
  - {fileID: 6170821343942411884}
  - {fileID: 2933512535250295958}
  - {fileID: 7528335184472277813}
  m_Father: {fileID: 0}
  m_RootOrder: 0
  m_LocalEulerAnglesHint: {x: 0, y: 0, z: 0}
  m_AnchorMin: {x: 0, y: 0}
  m_AnchorMax: {x: 0, y: 0}
  m_AnchoredPosition: {x: 0, y: 0}
  m_SizeDelta: {x: 1040, y: 56}
  m_Pivot: {x: 0.5, y: 1}
--- !u!114 &1218088087045717653
MonoBehaviour:
  m_ObjectHideFlags: 0
  m_CorrespondingSourceObject: {fileID: 0}
  m_PrefabInstance: {fileID: 0}
  m_PrefabAsset: {fileID: 0}
  m_GameObject: {fileID: 444502730548535921}
  m_Enabled: 1
  m_EditorHideFlags: 0
  m_Script: {fileID: 11500000, guid: 3dd36429ba44bde4b832a6671040356e, type: 3}
  m_Name: 
  m_EditorClassIdentifier: 
  versionText: {fileID: 5287205972038979003}
  createdAtText: {fileID: 5244354687018008358}
  updatedAtText: {fileID: 5630049034960288010}
  publishButton: {fileID: 2933512535250295953}
  deleteButton: {fileID: 7528335184472277810}
--- !u!114 &719404616929027623
MonoBehaviour:
  m_ObjectHideFlags: 0
  m_CorrespondingSourceObject: {fileID: 0}
  m_PrefabInstance: {fileID: 0}
  m_PrefabAsset: {fileID: 0}
  m_GameObject: {fileID: 444502730548535921}
  m_Enabled: 1
  m_EditorHideFlags: 0
  m_Script: {fileID: 11500000, guid: 4e29b1a8efbd4b44bb3f3716e73f07ff, type: 3}
  m_Name: 
  m_EditorClassIdentifier: 
  m_Navigation:
    m_Mode: 3
    m_SelectOnUp: {fileID: 0}
    m_SelectOnDown: {fileID: 0}
    m_SelectOnLeft: {fileID: 0}
    m_SelectOnRight: {fileID: 0}
  m_Transition: 1
  m_Colors:
    m_NormalColor: {r: 1, g: 1, b: 1, a: 0}
    m_HighlightedColor: {r: 0.9607843, g: 0.9607843, b: 0.9607843, a: 1}
    m_PressedColor: {r: 1, g: 1, b: 1, a: 0}
    m_SelectedColor: {r: 1, g: 1, b: 1, a: 0}
    m_DisabledColor: {r: 0.78431374, g: 0.78431374, b: 0.78431374, a: 0.5019608}
    m_ColorMultiplier: 1
    m_FadeDuration: 0.05
  m_SpriteState:
    m_HighlightedSprite: {fileID: 0}
    m_PressedSprite: {fileID: 0}
    m_SelectedSprite: {fileID: 0}
    m_DisabledSprite: {fileID: 0}
  m_AnimationTriggers:
    m_NormalTrigger: Normal
    m_HighlightedTrigger: Highlighted
    m_PressedTrigger: Pressed
    m_SelectedTrigger: Selected
    m_DisabledTrigger: Disabled
  m_Interactable: 1
  m_TargetGraphic: {fileID: 2173629356253969842}
  m_OnClick:
    m_PersistentCalls:
      m_Calls: []
--- !u!1 &5625274427291826993
GameObject:
  m_ObjectHideFlags: 0
  m_CorrespondingSourceObject: {fileID: 0}
  m_PrefabInstance: {fileID: 0}
  m_PrefabAsset: {fileID: 0}
  serializedVersion: 6
  m_Component:
  - component: {fileID: 6170821343942411884}
  - component: {fileID: 3108967888195988340}
  - component: {fileID: 5630049034960288010}
  - component: {fileID: 5390667270602871377}
  m_Layer: 5
  m_Name: Updated at Text
  m_TagString: Untagged
  m_Icon: {fileID: 0}
  m_NavMeshLayer: 0
  m_StaticEditorFlags: 0
  m_IsActive: 1
--- !u!224 &6170821343942411884
RectTransform:
  m_ObjectHideFlags: 0
  m_CorrespondingSourceObject: {fileID: 0}
  m_PrefabInstance: {fileID: 0}
  m_PrefabAsset: {fileID: 0}
  m_GameObject: {fileID: 5625274427291826993}
  m_LocalRotation: {x: 0, y: 0, z: 0, w: 1}
  m_LocalPosition: {x: 0, y: 0, z: 0}
  m_LocalScale: {x: 1, y: 1, z: 1}
  m_Children: []
  m_Father: {fileID: 7296929445074954047}
  m_RootOrder: 3
  m_LocalEulerAnglesHint: {x: 0, y: 0, z: 0}
  m_AnchorMin: {x: 0, y: 0.5}
  m_AnchorMax: {x: 0, y: 0.5}
  m_AnchoredPosition: {x: 270, y: 0}
  m_SizeDelta: {x: 120, y: 60}
  m_Pivot: {x: 0, y: 0.5}
--- !u!222 &3108967888195988340
CanvasRenderer:
  m_ObjectHideFlags: 0
  m_CorrespondingSourceObject: {fileID: 0}
  m_PrefabInstance: {fileID: 0}
  m_PrefabAsset: {fileID: 0}
  m_GameObject: {fileID: 5625274427291826993}
  m_CullTransparentMesh: 0
--- !u!114 &5630049034960288010
MonoBehaviour:
  m_ObjectHideFlags: 0
  m_CorrespondingSourceObject: {fileID: 0}
  m_PrefabInstance: {fileID: 0}
  m_PrefabAsset: {fileID: 0}
  m_GameObject: {fileID: 5625274427291826993}
  m_Enabled: 1
  m_EditorHideFlags: 0
  m_Script: {fileID: 11500000, guid: 5f7201a12d95ffc409449d95f23cf332, type: 3}
  m_Name: 
  m_EditorClassIdentifier: 
  m_Material: {fileID: 0}
  m_Color: {r: 1, g: 1, b: 1, a: 1}
  m_RaycastTarget: 1
  m_Maskable: 1
  m_OnCullStateChanged:
    m_PersistentCalls:
      m_Calls: []
  m_FontData:
    m_Font: {fileID: 12800000, guid: cc72aaed1b20f294fb876f91801a8321, type: 3}
    m_FontSize: 18
    m_FontStyle: 0
    m_BestFit: 0
    m_MinSize: 1
    m_MaxSize: 158
    m_Alignment: 4
    m_AlignByGeometry: 0
    m_RichText: 1
    m_HorizontalOverflow: 0
    m_VerticalOverflow: 0
    m_LineSpacing: 1
  m_Text: '2017-8-6

    12:5'
--- !u!114 &5390667270602871377
MonoBehaviour:
  m_ObjectHideFlags: 0
  m_CorrespondingSourceObject: {fileID: 0}
  m_PrefabInstance: {fileID: 0}
  m_PrefabAsset: {fileID: 0}
  m_GameObject: {fileID: 5625274427291826993}
  m_Enabled: 1
  m_EditorHideFlags: 0
  m_Script: {fileID: 11500000, guid: e19747de3f5aca642ab2be37e372fb86, type: 3}
  m_Name: 
  m_EditorClassIdentifier: 
  m_EffectColor: {r: 0, g: 0, b: 0, a: 0.5}
  m_EffectDistance: {x: 1, y: -1}
  m_UseGraphicAlpha: 1
--- !u!1 &6183316159720149621
GameObject:
  m_ObjectHideFlags: 0
  m_CorrespondingSourceObject: {fileID: 0}
  m_PrefabInstance: {fileID: 0}
  m_PrefabAsset: {fileID: 0}
  serializedVersion: 6
  m_Component:
  - component: {fileID: 5916355833861915538}
  - component: {fileID: 5452239957940519584}
  - component: {fileID: 5287205972038979003}
  - component: {fileID: 3899741660244429862}
  m_Layer: 5
  m_Name: Version Text
  m_TagString: Untagged
  m_Icon: {fileID: 0}
  m_NavMeshLayer: 0
  m_StaticEditorFlags: 0
  m_IsActive: 1
--- !u!224 &5916355833861915538
RectTransform:
  m_ObjectHideFlags: 0
  m_CorrespondingSourceObject: {fileID: 0}
  m_PrefabInstance: {fileID: 0}
  m_PrefabAsset: {fileID: 0}
  m_GameObject: {fileID: 6183316159720149621}
  m_LocalRotation: {x: 0, y: 0, z: 0, w: 1}
  m_LocalPosition: {x: 0, y: 0, z: 0}
  m_LocalScale: {x: 1, y: 1, z: 1}
  m_Children: []
  m_Father: {fileID: 7296929445074954047}
  m_RootOrder: 1
  m_LocalEulerAnglesHint: {x: 0, y: 0, z: 0}
  m_AnchorMin: {x: 0, y: 0.5}
  m_AnchorMax: {x: 0, y: 0.5}
  m_AnchoredPosition: {x: 0, y: 0}
  m_SizeDelta: {x: 120, y: 60}
  m_Pivot: {x: 0, y: 0.5}
--- !u!222 &5452239957940519584
CanvasRenderer:
  m_ObjectHideFlags: 0
  m_CorrespondingSourceObject: {fileID: 0}
  m_PrefabInstance: {fileID: 0}
  m_PrefabAsset: {fileID: 0}
  m_GameObject: {fileID: 6183316159720149621}
  m_CullTransparentMesh: 0
--- !u!114 &5287205972038979003
MonoBehaviour:
  m_ObjectHideFlags: 0
  m_CorrespondingSourceObject: {fileID: 0}
  m_PrefabInstance: {fileID: 0}
  m_PrefabAsset: {fileID: 0}
  m_GameObject: {fileID: 6183316159720149621}
  m_Enabled: 1
  m_EditorHideFlags: 0
  m_Script: {fileID: 11500000, guid: 5f7201a12d95ffc409449d95f23cf332, type: 3}
  m_Name: 
  m_EditorClassIdentifier: 
  m_Material: {fileID: 0}
  m_Color: {r: 1, g: 1, b: 1, a: 1}
  m_RaycastTarget: 1
  m_Maskable: 1
  m_OnCullStateChanged:
    m_PersistentCalls:
      m_Calls: []
  m_FontData:
    m_Font: {fileID: 12800000, guid: cc72aaed1b20f294fb876f91801a8321, type: 3}
    m_FontSize: 28
    m_FontStyle: 0
    m_BestFit: 0
    m_MinSize: 1
    m_MaxSize: 158
    m_Alignment: 4
    m_AlignByGeometry: 0
    m_RichText: 1
    m_HorizontalOverflow: 0
    m_VerticalOverflow: 0
    m_LineSpacing: 1
  m_Text: 1592
--- !u!114 &3899741660244429862
MonoBehaviour:
  m_ObjectHideFlags: 0
  m_CorrespondingSourceObject: {fileID: 0}
  m_PrefabInstance: {fileID: 0}
  m_PrefabAsset: {fileID: 0}
  m_GameObject: {fileID: 6183316159720149621}
  m_Enabled: 1
  m_EditorHideFlags: 0
  m_Script: {fileID: 11500000, guid: e19747de3f5aca642ab2be37e372fb86, type: 3}
  m_Name: 
  m_EditorClassIdentifier: 
  m_EffectColor: {r: 0, g: 0, b: 0, a: 0.5}
  m_EffectDistance: {x: 1, y: -1}
  m_UseGraphicAlpha: 1
--- !u!1 &7371532792341664165
GameObject:
  m_ObjectHideFlags: 0
  m_CorrespondingSourceObject: {fileID: 0}
  m_PrefabInstance: {fileID: 0}
  m_PrefabAsset: {fileID: 0}
  serializedVersion: 6
  m_Component:
  - component: {fileID: 6140757668885917283}
  - component: {fileID: 1220038458334080770}
  - component: {fileID: 2173629356253969842}
  - component: {fileID: 8645204599668651845}
  m_Layer: 5
  m_Name: marker
  m_TagString: Untagged
  m_Icon: {fileID: 0}
  m_NavMeshLayer: 0
  m_StaticEditorFlags: 0
  m_IsActive: 1
--- !u!224 &6140757668885917283
RectTransform:
  m_ObjectHideFlags: 0
  m_CorrespondingSourceObject: {fileID: 0}
  m_PrefabInstance: {fileID: 0}
  m_PrefabAsset: {fileID: 0}
  m_GameObject: {fileID: 7371532792341664165}
  m_LocalRotation: {x: 0, y: 0, z: 0, w: 1}
  m_LocalPosition: {x: 0, y: 0, z: 0}
  m_LocalScale: {x: 1, y: 1, z: 1}
  m_Children: []
  m_Father: {fileID: 7296929445074954047}
  m_RootOrder: 0
  m_LocalEulerAnglesHint: {x: 0, y: 0, z: 0}
  m_AnchorMin: {x: 0, y: 0.5}
  m_AnchorMax: {x: 0, y: 0.5}
  m_AnchoredPosition: {x: 10, y: 0}
  m_SizeDelta: {x: 2, y: 42}
  m_Pivot: {x: 0, y: 0.5}
--- !u!222 &1220038458334080770
CanvasRenderer:
  m_ObjectHideFlags: 0
  m_CorrespondingSourceObject: {fileID: 0}
  m_PrefabInstance: {fileID: 0}
  m_PrefabAsset: {fileID: 0}
  m_GameObject: {fileID: 7371532792341664165}
  m_CullTransparentMesh: 0
--- !u!114 &2173629356253969842
MonoBehaviour:
  m_ObjectHideFlags: 0
  m_CorrespondingSourceObject: {fileID: 0}
  m_PrefabInstance: {fileID: 0}
  m_PrefabAsset: {fileID: 0}
  m_GameObject: {fileID: 7371532792341664165}
  m_Enabled: 1
  m_EditorHideFlags: 0
  m_Script: {fileID: 11500000, guid: fe87c0e1cc204ed48ad3b37840f39efc, type: 3}
  m_Name: 
  m_EditorClassIdentifier: 
  m_Material: {fileID: 0}
  m_Color: {r: 1, g: 1, b: 1, a: 1}
  m_RaycastTarget: 1
  m_Maskable: 1
  m_OnCullStateChanged:
    m_PersistentCalls:
      m_Calls: []
  m_Sprite: {fileID: 0}
  m_Type: 0
  m_PreserveAspect: 0
  m_FillCenter: 1
  m_FillMethod: 4
  m_FillAmount: 1
  m_FillClockwise: 1
  m_FillOrigin: 0
  m_UseSpriteMesh: 0
  m_PixelsPerUnitMultiplier: 1
--- !u!114 &8645204599668651845
MonoBehaviour:
  m_ObjectHideFlags: 0
  m_CorrespondingSourceObject: {fileID: 0}
  m_PrefabInstance: {fileID: 0}
  m_PrefabAsset: {fileID: 0}
  m_GameObject: {fileID: 7371532792341664165}
  m_Enabled: 1
  m_EditorHideFlags: 0
  m_Script: {fileID: 11500000, guid: e19747de3f5aca642ab2be37e372fb86, type: 3}
  m_Name: 
  m_EditorClassIdentifier: 
  m_EffectColor: {r: 0, g: 0, b: 0, a: 0.5}
  m_EffectDistance: {x: 1, y: -1}
  m_UseGraphicAlpha: 1
--- !u!1 &8298730866127088763
GameObject:
  m_ObjectHideFlags: 0
  m_CorrespondingSourceObject: {fileID: 0}
  m_PrefabInstance: {fileID: 0}
  m_PrefabAsset: {fileID: 0}
  serializedVersion: 6
  m_Component:
  - component: {fileID: 741625148627873461}
  - component: {fileID: 2264121976418226579}
  - component: {fileID: 5244354687018008358}
  - component: {fileID: 4574697229809453472}
  m_Layer: 5
  m_Name: Created at Text
  m_TagString: Untagged
  m_Icon: {fileID: 0}
  m_NavMeshLayer: 0
  m_StaticEditorFlags: 0
  m_IsActive: 1
--- !u!224 &741625148627873461
RectTransform:
  m_ObjectHideFlags: 0
  m_CorrespondingSourceObject: {fileID: 0}
  m_PrefabInstance: {fileID: 0}
  m_PrefabAsset: {fileID: 0}
  m_GameObject: {fileID: 8298730866127088763}
  m_LocalRotation: {x: 0, y: 0, z: 0, w: 1}
  m_LocalPosition: {x: 0, y: 0, z: 0}
  m_LocalScale: {x: 1, y: 1, z: 1}
  m_Children: []
  m_Father: {fileID: 7296929445074954047}
  m_RootOrder: 2
  m_LocalEulerAnglesHint: {x: 0, y: 0, z: 0}
  m_AnchorMin: {x: 0, y: 0.5}
  m_AnchorMax: {x: 0, y: 0.5}
  m_AnchoredPosition: {x: 130, y: 0}
  m_SizeDelta: {x: 120, y: 60}
  m_Pivot: {x: 0, y: 0.5}
--- !u!222 &2264121976418226579
CanvasRenderer:
  m_ObjectHideFlags: 0
  m_CorrespondingSourceObject: {fileID: 0}
  m_PrefabInstance: {fileID: 0}
  m_PrefabAsset: {fileID: 0}
  m_GameObject: {fileID: 8298730866127088763}
  m_CullTransparentMesh: 0
--- !u!114 &5244354687018008358
MonoBehaviour:
  m_ObjectHideFlags: 0
  m_CorrespondingSourceObject: {fileID: 0}
  m_PrefabInstance: {fileID: 0}
  m_PrefabAsset: {fileID: 0}
  m_GameObject: {fileID: 8298730866127088763}
  m_Enabled: 1
  m_EditorHideFlags: 0
  m_Script: {fileID: 11500000, guid: 5f7201a12d95ffc409449d95f23cf332, type: 3}
  m_Name: 
  m_EditorClassIdentifier: 
  m_Material: {fileID: 0}
  m_Color: {r: 1, g: 1, b: 1, a: 1}
  m_RaycastTarget: 1
  m_Maskable: 1
  m_OnCullStateChanged:
    m_PersistentCalls:
      m_Calls: []
  m_FontData:
    m_Font: {fileID: 12800000, guid: cc72aaed1b20f294fb876f91801a8321, type: 3}
    m_FontSize: 18
    m_FontStyle: 0
    m_BestFit: 0
    m_MinSize: 1
    m_MaxSize: 158
    m_Alignment: 4
    m_AlignByGeometry: 0
    m_RichText: 1
    m_HorizontalOverflow: 0
    m_VerticalOverflow: 0
    m_LineSpacing: 1
  m_Text: '2017-8-6

    12:5'
--- !u!114 &4574697229809453472
MonoBehaviour:
  m_ObjectHideFlags: 0
  m_CorrespondingSourceObject: {fileID: 0}
  m_PrefabInstance: {fileID: 0}
  m_PrefabAsset: {fileID: 0}
  m_GameObject: {fileID: 8298730866127088763}
  m_Enabled: 1
  m_EditorHideFlags: 0
  m_Script: {fileID: 11500000, guid: e19747de3f5aca642ab2be37e372fb86, type: 3}
  m_Name: 
  m_EditorClassIdentifier: 
  m_EffectColor: {r: 0, g: 0, b: 0, a: 0.5}
  m_EffectDistance: {x: 1, y: -1}
  m_UseGraphicAlpha: 1
--- !u!1001 &3587540752624173360
PrefabInstance:
  m_ObjectHideFlags: 0
  serializedVersion: 2
  m_Modification:
    m_TransformParent: {fileID: 7296929445074954047}
    m_Modifications:
    - target: {fileID: 1836465159241998460, guid: 471baee57d6cf9146a8d2ea80376691b,
        type: 3}
      propertyPath: m_Text
      value: Publish
      objectReference: {fileID: 0}
    - target: {fileID: 1836465159709203874, guid: 471baee57d6cf9146a8d2ea80376691b,
        type: 3}
      propertyPath: message
      value: Publish Map, Making It Available In The Game
      objectReference: {fileID: 0}
    - target: {fileID: 1836465159709203878, guid: 471baee57d6cf9146a8d2ea80376691b,
        type: 3}
      propertyPath: m_LocalPosition.x
      value: 0
      objectReference: {fileID: 0}
    - target: {fileID: 1836465159709203878, guid: 471baee57d6cf9146a8d2ea80376691b,
        type: 3}
      propertyPath: m_LocalPosition.y
      value: 0
      objectReference: {fileID: 0}
    - target: {fileID: 1836465159709203878, guid: 471baee57d6cf9146a8d2ea80376691b,
        type: 3}
      propertyPath: m_LocalPosition.z
      value: 0
      objectReference: {fileID: 0}
    - target: {fileID: 1836465159709203878, guid: 471baee57d6cf9146a8d2ea80376691b,
        type: 3}
      propertyPath: m_LocalRotation.x
      value: 0
      objectReference: {fileID: 0}
    - target: {fileID: 1836465159709203878, guid: 471baee57d6cf9146a8d2ea80376691b,
        type: 3}
      propertyPath: m_LocalRotation.y
      value: 0
      objectReference: {fileID: 0}
    - target: {fileID: 1836465159709203878, guid: 471baee57d6cf9146a8d2ea80376691b,
        type: 3}
      propertyPath: m_LocalRotation.z
      value: 0
      objectReference: {fileID: 0}
    - target: {fileID: 1836465159709203878, guid: 471baee57d6cf9146a8d2ea80376691b,
        type: 3}
      propertyPath: m_LocalRotation.w
      value: 1
      objectReference: {fileID: 0}
    - target: {fileID: 1836465159709203878, guid: 471baee57d6cf9146a8d2ea80376691b,
        type: 3}
      propertyPath: m_RootOrder
      value: 4
      objectReference: {fileID: 0}
    - target: {fileID: 1836465159709203878, guid: 471baee57d6cf9146a8d2ea80376691b,
        type: 3}
      propertyPath: m_LocalEulerAnglesHint.x
      value: 0
      objectReference: {fileID: 0}
    - target: {fileID: 1836465159709203878, guid: 471baee57d6cf9146a8d2ea80376691b,
        type: 3}
      propertyPath: m_LocalEulerAnglesHint.y
      value: 0
      objectReference: {fileID: 0}
    - target: {fileID: 1836465159709203878, guid: 471baee57d6cf9146a8d2ea80376691b,
        type: 3}
      propertyPath: m_LocalEulerAnglesHint.z
      value: 0
      objectReference: {fileID: 0}
    - target: {fileID: 1836465159709203878, guid: 471baee57d6cf9146a8d2ea80376691b,
        type: 3}
      propertyPath: m_AnchoredPosition.x
      value: -100
      objectReference: {fileID: 0}
    - target: {fileID: 1836465159709203878, guid: 471baee57d6cf9146a8d2ea80376691b,
        type: 3}
      propertyPath: m_AnchoredPosition.y
      value: 0
      objectReference: {fileID: 0}
    - target: {fileID: 1836465159709203878, guid: 471baee57d6cf9146a8d2ea80376691b,
        type: 3}
      propertyPath: m_SizeDelta.x
      value: 105
      objectReference: {fileID: 0}
    - target: {fileID: 1836465159709203878, guid: 471baee57d6cf9146a8d2ea80376691b,
        type: 3}
      propertyPath: m_SizeDelta.y
      value: 48
      objectReference: {fileID: 0}
    - target: {fileID: 1836465159709203878, guid: 471baee57d6cf9146a8d2ea80376691b,
        type: 3}
      propertyPath: m_AnchorMin.x
      value: 1
      objectReference: {fileID: 0}
    - target: {fileID: 1836465159709203878, guid: 471baee57d6cf9146a8d2ea80376691b,
        type: 3}
      propertyPath: m_AnchorMin.y
      value: 0.5
      objectReference: {fileID: 0}
    - target: {fileID: 1836465159709203878, guid: 471baee57d6cf9146a8d2ea80376691b,
        type: 3}
      propertyPath: m_AnchorMax.x
      value: 1
      objectReference: {fileID: 0}
    - target: {fileID: 1836465159709203878, guid: 471baee57d6cf9146a8d2ea80376691b,
        type: 3}
      propertyPath: m_AnchorMax.y
      value: 0.5
      objectReference: {fileID: 0}
    - target: {fileID: 1836465159709203878, guid: 471baee57d6cf9146a8d2ea80376691b,
        type: 3}
      propertyPath: m_Pivot.x
      value: 1
      objectReference: {fileID: 0}
    - target: {fileID: 1836465159709203878, guid: 471baee57d6cf9146a8d2ea80376691b,
        type: 3}
      propertyPath: m_Pivot.y
      value: 0.5
      objectReference: {fileID: 0}
    - target: {fileID: 1836465159709203879, guid: 471baee57d6cf9146a8d2ea80376691b,
        type: 3}
      propertyPath: m_Name
      value: Publish Button
      objectReference: {fileID: 0}
    m_RemovedComponents: []
  m_SourcePrefab: {fileID: 100100000, guid: 471baee57d6cf9146a8d2ea80376691b, type: 3}
--- !u!224 &2933512535250295958 stripped
RectTransform:
  m_CorrespondingSourceObject: {fileID: 1836465159709203878, guid: 471baee57d6cf9146a8d2ea80376691b,
    type: 3}
  m_PrefabInstance: {fileID: 3587540752624173360}
  m_PrefabAsset: {fileID: 0}
--- !u!114 &2933512535250295953 stripped
MonoBehaviour:
  m_CorrespondingSourceObject: {fileID: 1836465159709203873, guid: 471baee57d6cf9146a8d2ea80376691b,
    type: 3}
  m_PrefabInstance: {fileID: 3587540752624173360}
  m_PrefabAsset: {fileID: 0}
  m_GameObject: {fileID: 0}
  m_Enabled: 1
  m_EditorHideFlags: 0
  m_Script: {fileID: 11500000, guid: 4e29b1a8efbd4b44bb3f3716e73f07ff, type: 3}
  m_Name: 
  m_EditorClassIdentifier: 
--- !u!1001 &8144315326290632339
PrefabInstance:
  m_ObjectHideFlags: 0
  serializedVersion: 2
  m_Modification:
    m_TransformParent: {fileID: 7296929445074954047}
    m_Modifications:
    - target: {fileID: 1836465159241998460, guid: 471baee57d6cf9146a8d2ea80376691b,
        type: 3}
      propertyPath: m_Text
      value: DELETE
      objectReference: {fileID: 0}
    - target: {fileID: 1836465159709203872, guid: 471baee57d6cf9146a8d2ea80376691b,
        type: 3}
      propertyPath: m_Sprite
      value: 
      objectReference: {fileID: -8170132823960176630, guid: 53e8a8cc46805a9479388b1dab21d81f,
        type: 3}
    - target: {fileID: 1836465159709203873, guid: 471baee57d6cf9146a8d2ea80376691b,
        type: 3}
      propertyPath: m_SpriteState.m_HighlightedSprite
      value: 
      objectReference: {fileID: -8170132823960176630, guid: 53e8a8cc46805a9479388b1dab21d81f,
        type: 3}
    - target: {fileID: 1836465159709203873, guid: 471baee57d6cf9146a8d2ea80376691b,
        type: 3}
      propertyPath: m_SpriteState.m_SelectedSprite
      value: 
      objectReference: {fileID: -8170132823960176630, guid: 53e8a8cc46805a9479388b1dab21d81f,
        type: 3}
    - target: {fileID: 1836465159709203873, guid: 471baee57d6cf9146a8d2ea80376691b,
        type: 3}
      propertyPath: m_SpriteState.m_PressedSprite
      value: 
      objectReference: {fileID: 572184831950034398, guid: 53e8a8cc46805a9479388b1dab21d81f,
        type: 3}
    - target: {fileID: 1836465159709203874, guid: 471baee57d6cf9146a8d2ea80376691b,
        type: 3}
      propertyPath: message
      value: Delete Map Version and It's Publication
      objectReference: {fileID: 0}
    - target: {fileID: 1836465159709203878, guid: 471baee57d6cf9146a8d2ea80376691b,
        type: 3}
      propertyPath: m_LocalPosition.x
      value: 0
      objectReference: {fileID: 0}
    - target: {fileID: 1836465159709203878, guid: 471baee57d6cf9146a8d2ea80376691b,
        type: 3}
      propertyPath: m_LocalPosition.y
      value: 0
      objectReference: {fileID: 0}
    - target: {fileID: 1836465159709203878, guid: 471baee57d6cf9146a8d2ea80376691b,
        type: 3}
      propertyPath: m_LocalPosition.z
      value: 0
      objectReference: {fileID: 0}
    - target: {fileID: 1836465159709203878, guid: 471baee57d6cf9146a8d2ea80376691b,
        type: 3}
      propertyPath: m_LocalRotation.x
      value: 0
      objectReference: {fileID: 0}
    - target: {fileID: 1836465159709203878, guid: 471baee57d6cf9146a8d2ea80376691b,
        type: 3}
      propertyPath: m_LocalRotation.y
      value: 0
      objectReference: {fileID: 0}
    - target: {fileID: 1836465159709203878, guid: 471baee57d6cf9146a8d2ea80376691b,
        type: 3}
      propertyPath: m_LocalRotation.z
      value: 0
      objectReference: {fileID: 0}
    - target: {fileID: 1836465159709203878, guid: 471baee57d6cf9146a8d2ea80376691b,
        type: 3}
      propertyPath: m_LocalRotation.w
      value: 1
      objectReference: {fileID: 0}
    - target: {fileID: 1836465159709203878, guid: 471baee57d6cf9146a8d2ea80376691b,
        type: 3}
      propertyPath: m_RootOrder
      value: 5
      objectReference: {fileID: 0}
    - target: {fileID: 1836465159709203878, guid: 471baee57d6cf9146a8d2ea80376691b,
        type: 3}
      propertyPath: m_LocalEulerAnglesHint.x
      value: 0
      objectReference: {fileID: 0}
    - target: {fileID: 1836465159709203878, guid: 471baee57d6cf9146a8d2ea80376691b,
        type: 3}
      propertyPath: m_LocalEulerAnglesHint.y
      value: 0
      objectReference: {fileID: 0}
    - target: {fileID: 1836465159709203878, guid: 471baee57d6cf9146a8d2ea80376691b,
        type: 3}
      propertyPath: m_LocalEulerAnglesHint.z
      value: 0
      objectReference: {fileID: 0}
    - target: {fileID: 1836465159709203878, guid: 471baee57d6cf9146a8d2ea80376691b,
        type: 3}
      propertyPath: m_AnchoredPosition.x
      value: 0
      objectReference: {fileID: 0}
    - target: {fileID: 1836465159709203878, guid: 471baee57d6cf9146a8d2ea80376691b,
        type: 3}
      propertyPath: m_AnchoredPosition.y
      value: 0
      objectReference: {fileID: 0}
    - target: {fileID: 1836465159709203878, guid: 471baee57d6cf9146a8d2ea80376691b,
        type: 3}
      propertyPath: m_SizeDelta.x
      value: 95
      objectReference: {fileID: 0}
    - target: {fileID: 1836465159709203878, guid: 471baee57d6cf9146a8d2ea80376691b,
        type: 3}
      propertyPath: m_SizeDelta.y
      value: 48
      objectReference: {fileID: 0}
    - target: {fileID: 1836465159709203878, guid: 471baee57d6cf9146a8d2ea80376691b,
        type: 3}
      propertyPath: m_AnchorMin.x
      value: 1
      objectReference: {fileID: 0}
    - target: {fileID: 1836465159709203878, guid: 471baee57d6cf9146a8d2ea80376691b,
        type: 3}
      propertyPath: m_AnchorMin.y
      value: 0.5
      objectReference: {fileID: 0}
    - target: {fileID: 1836465159709203878, guid: 471baee57d6cf9146a8d2ea80376691b,
        type: 3}
      propertyPath: m_AnchorMax.x
      value: 1
      objectReference: {fileID: 0}
    - target: {fileID: 1836465159709203878, guid: 471baee57d6cf9146a8d2ea80376691b,
        type: 3}
      propertyPath: m_AnchorMax.y
      value: 0.5
      objectReference: {fileID: 0}
    - target: {fileID: 1836465159709203878, guid: 471baee57d6cf9146a8d2ea80376691b,
        type: 3}
      propertyPath: m_Pivot.x
      value: 1
      objectReference: {fileID: 0}
    - target: {fileID: 1836465159709203878, guid: 471baee57d6cf9146a8d2ea80376691b,
        type: 3}
      propertyPath: m_Pivot.y
      value: 0.5
      objectReference: {fileID: 0}
    - target: {fileID: 1836465159709203879, guid: 471baee57d6cf9146a8d2ea80376691b,
        type: 3}
      propertyPath: m_Name
      value: Delete Button
      objectReference: {fileID: 0}
    - target: {fileID: 5884402066880669875, guid: 471baee57d6cf9146a8d2ea80376691b,
        type: 3}
      propertyPath: m_EffectColor.r
      value: 0.36645603
      objectReference: {fileID: 0}
    - target: {fileID: 5884402066880669875, guid: 471baee57d6cf9146a8d2ea80376691b,
        type: 3}
      propertyPath: m_EffectColor.g
      value: 0.42044508
      objectReference: {fileID: 0}
    - target: {fileID: 5884402066880669875, guid: 471baee57d6cf9146a8d2ea80376691b,
        type: 3}
      propertyPath: m_EffectColor.b
      value: 0.4245283
      objectReference: {fileID: 0}
    m_RemovedComponents: []
  m_SourcePrefab: {fileID: 100100000, guid: 471baee57d6cf9146a8d2ea80376691b, type: 3}
--- !u!224 &7528335184472277813 stripped
RectTransform:
  m_CorrespondingSourceObject: {fileID: 1836465159709203878, guid: 471baee57d6cf9146a8d2ea80376691b,
    type: 3}
  m_PrefabInstance: {fileID: 8144315326290632339}
  m_PrefabAsset: {fileID: 0}
--- !u!114 &7528335184472277810 stripped
MonoBehaviour:
  m_CorrespondingSourceObject: {fileID: 1836465159709203873, guid: 471baee57d6cf9146a8d2ea80376691b,
    type: 3}
  m_PrefabInstance: {fileID: 8144315326290632339}
  m_PrefabAsset: {fileID: 0}
  m_GameObject: {fileID: 0}
  m_Enabled: 1
  m_EditorHideFlags: 0
  m_Script: {fileID: 11500000, guid: 4e29b1a8efbd4b44bb3f3716e73f07ff, type: 3}
  m_Name: 
  m_EditorClassIdentifier: 
