%YAML 1.1
%TAG !u! tag:unity3d.com,2011:
--- !u!1 &1030866837399434
GameObject:
  m_ObjectHideFlags: 0
  m_CorrespondingSourceObject: {fileID: 0}
  m_PrefabInstance: {fileID: 0}
  m_PrefabAsset: {fileID: 0}
  serializedVersion: 6
  m_Component:
  - component: {fileID: 224826186676783652}
  - component: {fileID: 114369415149931038}
  - component: {fileID: 222194141396542746}
  - component: {fileID: 114351248234893232}
  - component: {fileID: 114232934206826094}
  - component: {fileID: 8135919596643838204}
  m_Layer: 5
  m_Name: Weapon Front
  m_TagString: Untagged
  m_Icon: {fileID: 0}
  m_NavMeshLayer: 0
  m_StaticEditorFlags: 0
  m_IsActive: 1
--- !u!224 &224826186676783652
RectTransform:
  m_ObjectHideFlags: 0
  m_CorrespondingSourceObject: {fileID: 0}
  m_PrefabInstance: {fileID: 0}
  m_PrefabAsset: {fileID: 0}
  m_GameObject: {fileID: 1030866837399434}
  m_LocalRotation: {x: -0, y: -0, z: -0, w: 1}
  m_LocalPosition: {x: 0, y: 0, z: 0.000002}
  m_LocalScale: {x: 1, y: 1, z: 1}
  m_Children: []
  m_Father: {fileID: 224440324614003848}
  m_RootOrder: 6
  m_LocalEulerAnglesHint: {x: 0, y: 0, z: 0}
  m_AnchorMin: {x: 0.5, y: 0.5}
  m_AnchorMax: {x: 0.5, y: 0.5}
  m_AnchoredPosition: {x: 0, y: 0}
  m_SizeDelta: {x: 85, y: 85}
  m_Pivot: {x: 0.5, y: 0.5}
--- !u!114 &114369415149931038
MonoBehaviour:
  m_ObjectHideFlags: 0
  m_CorrespondingSourceObject: {fileID: 0}
  m_PrefabInstance: {fileID: 0}
  m_PrefabAsset: {fileID: 0}
  m_GameObject: {fileID: 1030866837399434}
  m_Enabled: 1
  m_EditorHideFlags: 0
  m_Script: {fileID: 11500000, guid: 59a9a98428d226e419fede1b7cdd5674, type: 3}
  m_Name: 
  m_EditorClassIdentifier: 
  initialDelay: 0
  frameLengthOverride: -1
  delayStart: 0
  destroyAtEnd: 0
  stayAtLastFrame: 0
  loopDelay: 0
  isPaused: 0
  minIndex: 8
  maxIndex: 11
  currentAnimation: 0
  group: 0
  freezeAlpha: 0
  _index: 0
--- !u!222 &222194141396542746
CanvasRenderer:
  m_ObjectHideFlags: 0
  m_CorrespondingSourceObject: {fileID: 0}
  m_PrefabInstance: {fileID: 0}
  m_PrefabAsset: {fileID: 0}
  m_GameObject: {fileID: 1030866837399434}
  m_CullTransparentMesh: 0
--- !u!114 &114351248234893232
MonoBehaviour:
  m_ObjectHideFlags: 0
  m_CorrespondingSourceObject: {fileID: 0}
  m_PrefabInstance: {fileID: 0}
  m_PrefabAsset: {fileID: 0}
  m_GameObject: {fileID: 1030866837399434}
  m_Enabled: 1
  m_EditorHideFlags: 0
  m_Script: {fileID: 11500000, guid: fe87c0e1cc204ed48ad3b37840f39efc, type: 3}
  m_Name: 
  m_EditorClassIdentifier: 
  m_Material: {fileID: 0}
  m_Color: {r: 1, g: 1, b: 1, a: 1}
  m_RaycastTarget: 1
  m_Maskable: 1
  m_OnCullStateChanged:
    m_PersistentCalls:
      m_Calls: []
  m_Sprite: {fileID: 21300000, guid: 6e7e96a24986f1d4c9dff338ac229b07, type: 3}
  m_Type: 0
  m_PreserveAspect: 0
  m_FillCenter: 1
  m_FillMethod: 4
  m_FillAmount: 1
  m_FillClockwise: 1
  m_FillOrigin: 0
  m_UseSpriteMesh: 0
  m_PixelsPerUnitMultiplier: 1
--- !u!114 &114232934206826094
MonoBehaviour:
  m_ObjectHideFlags: 0
  m_CorrespondingSourceObject: {fileID: 0}
  m_PrefabInstance: {fileID: 0}
  m_PrefabAsset: {fileID: 0}
  m_GameObject: {fileID: 1030866837399434}
  m_Enabled: 1
  m_EditorHideFlags: 0
  m_Script: {fileID: 11500000, guid: a83d3aa1ebf2a2645aa0311dfe2a4a34, type: 3}
  m_Name: 
  m_EditorClassIdentifier: 
  textureSwappedEvent:
    m_PersistentCalls:
      m_Calls: []
  isFront: 1
--- !u!114 &8135919596643838204
MonoBehaviour:
  m_ObjectHideFlags: 0
  m_CorrespondingSourceObject: {fileID: 0}
  m_PrefabInstance: {fileID: 0}
  m_PrefabAsset: {fileID: 0}
  m_GameObject: {fileID: 1030866837399434}
  m_Enabled: 1
  m_EditorHideFlags: 0
  m_Script: {fileID: 11500000, guid: b839a4fd7938f334ea1ab971883af132, type: 3}
  m_Name: 
  m_EditorClassIdentifier: 
  newTexture: {fileID: 0}
--- !u!1 &1117188104127348
GameObject:
  m_ObjectHideFlags: 0
  m_CorrespondingSourceObject: {fileID: 0}
  m_PrefabInstance: {fileID: 0}
  m_PrefabAsset: {fileID: 0}
  serializedVersion: 6
  m_Component:
  - component: {fileID: 224627319197755766}
  - component: {fileID: 114736161466508224}
  - component: {fileID: 222695827326865200}
  - component: {fileID: 114909552686039016}
  - component: {fileID: 114839367262172318}
  - component: {fileID: 7515982777588777942}
  m_Layer: 5
  m_Name: Weapon Back
  m_TagString: Untagged
  m_Icon: {fileID: 0}
  m_NavMeshLayer: 0
  m_StaticEditorFlags: 0
  m_IsActive: 1
--- !u!224 &224627319197755766
RectTransform:
  m_ObjectHideFlags: 0
  m_CorrespondingSourceObject: {fileID: 0}
  m_PrefabInstance: {fileID: 0}
  m_PrefabAsset: {fileID: 0}
  m_GameObject: {fileID: 1117188104127348}
  m_LocalRotation: {x: -0, y: -0, z: -0, w: 1}
  m_LocalPosition: {x: 0, y: 0, z: 0.000007}
  m_LocalScale: {x: 1, y: 1, z: 1}
  m_Children: []
  m_Father: {fileID: 224440324614003848}
  m_RootOrder: 1
  m_LocalEulerAnglesHint: {x: 0, y: 0, z: 0}
  m_AnchorMin: {x: 0.5, y: 0.5}
  m_AnchorMax: {x: 0.5, y: 0.5}
  m_AnchoredPosition: {x: 0, y: 0}
  m_SizeDelta: {x: 85, y: 85}
  m_Pivot: {x: 0.5, y: 0.5}
--- !u!114 &114736161466508224
MonoBehaviour:
  m_ObjectHideFlags: 0
  m_CorrespondingSourceObject: {fileID: 0}
  m_PrefabInstance: {fileID: 0}
  m_PrefabAsset: {fileID: 0}
  m_GameObject: {fileID: 1117188104127348}
  m_Enabled: 1
  m_EditorHideFlags: 0
  m_Script: {fileID: 11500000, guid: 59a9a98428d226e419fede1b7cdd5674, type: 3}
  m_Name: 
  m_EditorClassIdentifier: 
  initialDelay: 0
  frameLengthOverride: -1
  delayStart: 0
  destroyAtEnd: 0
  stayAtLastFrame: 0
  loopDelay: 0
  isPaused: 0
  minIndex: 8
  maxIndex: 11
  currentAnimation: 0
  group: 0
  freezeAlpha: 0
  _index: 0
--- !u!222 &222695827326865200
CanvasRenderer:
  m_ObjectHideFlags: 0
  m_CorrespondingSourceObject: {fileID: 0}
  m_PrefabInstance: {fileID: 0}
  m_PrefabAsset: {fileID: 0}
  m_GameObject: {fileID: 1117188104127348}
  m_CullTransparentMesh: 0
--- !u!114 &114909552686039016
MonoBehaviour:
  m_ObjectHideFlags: 0
  m_CorrespondingSourceObject: {fileID: 0}
  m_PrefabInstance: {fileID: 0}
  m_PrefabAsset: {fileID: 0}
  m_GameObject: {fileID: 1117188104127348}
  m_Enabled: 1
  m_EditorHideFlags: 0
  m_Script: {fileID: 11500000, guid: fe87c0e1cc204ed48ad3b37840f39efc, type: 3}
  m_Name: 
  m_EditorClassIdentifier: 
  m_Material: {fileID: 0}
  m_Color: {r: 1, g: 1, b: 1, a: 1}
  m_RaycastTarget: 1
  m_Maskable: 1
  m_OnCullStateChanged:
    m_PersistentCalls:
      m_Calls: []
  m_Sprite: {fileID: 21300000, guid: 6e7e96a24986f1d4c9dff338ac229b07, type: 3}
  m_Type: 0
  m_PreserveAspect: 0
  m_FillCenter: 1
  m_FillMethod: 4
  m_FillAmount: 1
  m_FillClockwise: 1
  m_FillOrigin: 0
  m_UseSpriteMesh: 0
  m_PixelsPerUnitMultiplier: 1
--- !u!114 &114839367262172318
MonoBehaviour:
  m_ObjectHideFlags: 0
  m_CorrespondingSourceObject: {fileID: 0}
  m_PrefabInstance: {fileID: 0}
  m_PrefabAsset: {fileID: 0}
  m_GameObject: {fileID: 1117188104127348}
  m_Enabled: 1
  m_EditorHideFlags: 0
  m_Script: {fileID: 11500000, guid: a83d3aa1ebf2a2645aa0311dfe2a4a34, type: 3}
  m_Name: 
  m_EditorClassIdentifier: 
  textureSwappedEvent:
    m_PersistentCalls:
      m_Calls: []
  isFront: 0
--- !u!114 &7515982777588777942
MonoBehaviour:
  m_ObjectHideFlags: 0
  m_CorrespondingSourceObject: {fileID: 0}
  m_PrefabInstance: {fileID: 0}
  m_PrefabAsset: {fileID: 0}
  m_GameObject: {fileID: 1117188104127348}
  m_Enabled: 1
  m_EditorHideFlags: 0
  m_Script: {fileID: 11500000, guid: b839a4fd7938f334ea1ab971883af132, type: 3}
  m_Name: 
  m_EditorClassIdentifier: 
  newTexture: {fileID: 0}
--- !u!1 &1134297362400764
GameObject:
  m_ObjectHideFlags: 0
  m_CorrespondingSourceObject: {fileID: 0}
  m_PrefabInstance: {fileID: 0}
  m_PrefabAsset: {fileID: 0}
  serializedVersion: 6
  m_Component:
  - component: {fileID: 224307822905157910}
  - component: {fileID: 114346169831730814}
  - component: {fileID: 222143787656666432}
  - component: {fileID: 114787759621732582}
  - component: {fileID: 114436259453003648}
  - component: {fileID: 6738961894610501925}
  m_Layer: 5
  m_Name: Hair Front
  m_TagString: Untagged
  m_Icon: {fileID: 0}
  m_NavMeshLayer: 0
  m_StaticEditorFlags: 0
  m_IsActive: 1
--- !u!224 &224307822905157910
RectTransform:
  m_ObjectHideFlags: 0
  m_CorrespondingSourceObject: {fileID: 0}
  m_PrefabInstance: {fileID: 0}
  m_PrefabAsset: {fileID: 0}
  m_GameObject: {fileID: 1134297362400764}
  m_LocalRotation: {x: -0, y: -0, z: -0, w: 1}
  m_LocalPosition: {x: 0, y: 0, z: 0.000003}
  m_LocalScale: {x: 1, y: 1, z: 1}
  m_Children: []
  m_Father: {fileID: 224440324614003848}
  m_RootOrder: 5
  m_LocalEulerAnglesHint: {x: 0, y: 0, z: 0}
  m_AnchorMin: {x: 0.5, y: 0.5}
  m_AnchorMax: {x: 0.5, y: 0.5}
  m_AnchoredPosition: {x: 0, y: 0}
  m_SizeDelta: {x: 85, y: 85}
  m_Pivot: {x: 0.5, y: 0.5}
--- !u!114 &114346169831730814
MonoBehaviour:
  m_ObjectHideFlags: 0
  m_CorrespondingSourceObject: {fileID: 0}
  m_PrefabInstance: {fileID: 0}
  m_PrefabAsset: {fileID: 0}
  m_GameObject: {fileID: 1134297362400764}
  m_Enabled: 1
  m_EditorHideFlags: 0
  m_Script: {fileID: 11500000, guid: 59a9a98428d226e419fede1b7cdd5674, type: 3}
  m_Name: 
  m_EditorClassIdentifier: 
  initialDelay: 0
  frameLengthOverride: -1
  delayStart: 0
  destroyAtEnd: 0
  stayAtLastFrame: 0
  loopDelay: 0
  isPaused: 0
  minIndex: 8
  maxIndex: 11
  currentAnimation: 0
  group: 0
  freezeAlpha: 0
  _index: 0
--- !u!222 &222143787656666432
CanvasRenderer:
  m_ObjectHideFlags: 0
  m_CorrespondingSourceObject: {fileID: 0}
  m_PrefabInstance: {fileID: 0}
  m_PrefabAsset: {fileID: 0}
  m_GameObject: {fileID: 1134297362400764}
  m_CullTransparentMesh: 0
--- !u!114 &114787759621732582
MonoBehaviour:
  m_ObjectHideFlags: 0
  m_CorrespondingSourceObject: {fileID: 0}
  m_PrefabInstance: {fileID: 0}
  m_PrefabAsset: {fileID: 0}
  m_GameObject: {fileID: 1134297362400764}
  m_Enabled: 1
  m_EditorHideFlags: 0
  m_Script: {fileID: 11500000, guid: fe87c0e1cc204ed48ad3b37840f39efc, type: 3}
  m_Name: 
  m_EditorClassIdentifier: 
  m_Material: {fileID: 2100000, guid: 4cdf4a1c8c9b19a4284b58e2cee63bbe, type: 2}
  m_Color: {r: 1, g: 1, b: 1, a: 1}
  m_RaycastTarget: 1
  m_Maskable: 1
  m_OnCullStateChanged:
    m_PersistentCalls:
      m_Calls: []
  m_Sprite: {fileID: 21300000, guid: 6e7e96a24986f1d4c9dff338ac229b07, type: 3}
  m_Type: 0
  m_PreserveAspect: 0
  m_FillCenter: 1
  m_FillMethod: 4
  m_FillAmount: 1
  m_FillClockwise: 1
  m_FillOrigin: 0
  m_UseSpriteMesh: 0
  m_PixelsPerUnitMultiplier: 1
--- !u!114 &114436259453003648
MonoBehaviour:
  m_ObjectHideFlags: 0
  m_CorrespondingSourceObject: {fileID: 0}
  m_PrefabInstance: {fileID: 0}
  m_PrefabAsset: {fileID: 0}
  m_GameObject: {fileID: 1134297362400764}
  m_Enabled: 1
  m_EditorHideFlags: 0
  m_Script: {fileID: 11500000, guid: c423c34b9b7bdc542b28f6638747660d, type: 3}
  m_Name: 
  m_EditorClassIdentifier: 
  textureSwappedEvent:
    m_PersistentCalls:
      m_Calls: []
  isFront: 1
  hatLayer: {fileID: 5213823468967323555}
--- !u!114 &6738961894610501925
MonoBehaviour:
  m_ObjectHideFlags: 0
  m_CorrespondingSourceObject: {fileID: 0}
  m_PrefabInstance: {fileID: 0}
  m_PrefabAsset: {fileID: 0}
  m_GameObject: {fileID: 1134297362400764}
  m_Enabled: 1
  m_EditorHideFlags: 0
  m_Script: {fileID: 11500000, guid: b839a4fd7938f334ea1ab971883af132, type: 3}
  m_Name: 
  m_EditorClassIdentifier: 
  newTexture: {fileID: 0}
--- !u!1 &1303948585208588
GameObject:
  m_ObjectHideFlags: 0
  m_CorrespondingSourceObject: {fileID: 0}
  m_PrefabInstance: {fileID: 0}
  m_PrefabAsset: {fileID: 0}
  serializedVersion: 6
  m_Component:
  - component: {fileID: 224885787228352908}
  - component: {fileID: 114314884583356964}
  - component: {fileID: 222439191590231256}
  - component: {fileID: 114858186380074452}
  - component: {fileID: 114340248713653998}
  - component: {fileID: 6857466936408051251}
  m_Layer: 5
  m_Name: Armor
  m_TagString: Untagged
  m_Icon: {fileID: 0}
  m_NavMeshLayer: 0
  m_StaticEditorFlags: 0
  m_IsActive: 1
--- !u!224 &224885787228352908
RectTransform:
  m_ObjectHideFlags: 0
  m_CorrespondingSourceObject: {fileID: 0}
  m_PrefabInstance: {fileID: 0}
  m_PrefabAsset: {fileID: 0}
  m_GameObject: {fileID: 1303948585208588}
  m_LocalRotation: {x: -0, y: -0, z: -0, w: 1}
  m_LocalPosition: {x: 0, y: 0, z: 0.000004}
  m_LocalScale: {x: 1, y: 1, z: 1}
  m_Children: []
  m_Father: {fileID: 224440324614003848}
  m_RootOrder: 4
  m_LocalEulerAnglesHint: {x: 0, y: 0, z: 0}
  m_AnchorMin: {x: 0.5, y: 0.5}
  m_AnchorMax: {x: 0.5, y: 0.5}
  m_AnchoredPosition: {x: 0, y: 0}
  m_SizeDelta: {x: 85, y: 85}
  m_Pivot: {x: 0.5, y: 0.5}
--- !u!114 &114314884583356964
MonoBehaviour:
  m_ObjectHideFlags: 0
  m_CorrespondingSourceObject: {fileID: 0}
  m_PrefabInstance: {fileID: 0}
  m_PrefabAsset: {fileID: 0}
  m_GameObject: {fileID: 1303948585208588}
  m_Enabled: 1
  m_EditorHideFlags: 0
  m_Script: {fileID: 11500000, guid: 59a9a98428d226e419fede1b7cdd5674, type: 3}
  m_Name: 
  m_EditorClassIdentifier: 
  initialDelay: 0
  frameLengthOverride: -1
  delayStart: 0
  destroyAtEnd: 0
  stayAtLastFrame: 0
  loopDelay: 0
  isPaused: 0
  minIndex: 8
  maxIndex: 11
  currentAnimation: 0
  group: 0
  freezeAlpha: 0
  _index: 0
--- !u!222 &222439191590231256
CanvasRenderer:
  m_ObjectHideFlags: 0
  m_CorrespondingSourceObject: {fileID: 0}
  m_PrefabInstance: {fileID: 0}
  m_PrefabAsset: {fileID: 0}
  m_GameObject: {fileID: 1303948585208588}
  m_CullTransparentMesh: 0
--- !u!114 &114858186380074452
MonoBehaviour:
  m_ObjectHideFlags: 0
  m_CorrespondingSourceObject: {fileID: 0}
  m_PrefabInstance: {fileID: 0}
  m_PrefabAsset: {fileID: 0}
  m_GameObject: {fileID: 1303948585208588}
  m_Enabled: 1
  m_EditorHideFlags: 0
  m_Script: {fileID: 11500000, guid: fe87c0e1cc204ed48ad3b37840f39efc, type: 3}
  m_Name: 
  m_EditorClassIdentifier: 
  m_Material: {fileID: 0}
  m_Color: {r: 1, g: 1, b: 1, a: 1}
  m_RaycastTarget: 1
  m_Maskable: 1
  m_OnCullStateChanged:
    m_PersistentCalls:
      m_Calls: []
  m_Sprite: {fileID: 21300000, guid: 6e7e96a24986f1d4c9dff338ac229b07, type: 3}
  m_Type: 0
  m_PreserveAspect: 0
  m_FillCenter: 1
  m_FillMethod: 4
  m_FillAmount: 1
  m_FillClockwise: 1
  m_FillOrigin: 0
  m_UseSpriteMesh: 0
  m_PixelsPerUnitMultiplier: 1
--- !u!114 &114340248713653998
MonoBehaviour:
  m_ObjectHideFlags: 0
  m_CorrespondingSourceObject: {fileID: 0}
  m_PrefabInstance: {fileID: 0}
  m_PrefabAsset: {fileID: 0}
  m_GameObject: {fileID: 1303948585208588}
  m_Enabled: 1
  m_EditorHideFlags: 0
  m_Script: {fileID: 11500000, guid: 3415edd38e1d39948828aab52b453b4d, type: 3}
  m_Name: 
  m_EditorClassIdentifier: 
  textureSwappedEvent:
    m_PersistentCalls:
      m_Calls: []
  equipmentId: 0
--- !u!114 &6857466936408051251
MonoBehaviour:
  m_ObjectHideFlags: 0
  m_CorrespondingSourceObject: {fileID: 0}
  m_PrefabInstance: {fileID: 0}
  m_PrefabAsset: {fileID: 0}
  m_GameObject: {fileID: 1303948585208588}
  m_Enabled: 1
  m_EditorHideFlags: 0
  m_Script: {fileID: 11500000, guid: b839a4fd7938f334ea1ab971883af132, type: 3}
  m_Name: 
  m_EditorClassIdentifier: 
  newTexture: {fileID: 0}
--- !u!1 &1387007422539034
GameObject:
  m_ObjectHideFlags: 0
  m_CorrespondingSourceObject: {fileID: 0}
  m_PrefabInstance: {fileID: 0}
  m_PrefabAsset: {fileID: 0}
  serializedVersion: 6
  m_Component:
  - component: {fileID: 224570207836431318}
  - component: {fileID: 114475492295356086}
  - component: {fileID: 222825373141070742}
  - component: {fileID: 114794355483754010}
  - component: {fileID: 114773550001129160}
  - component: {fileID: 8233026036005143714}
  m_Layer: 5
  m_Name: Eyes
  m_TagString: Untagged
  m_Icon: {fileID: 0}
  m_NavMeshLayer: 0
  m_StaticEditorFlags: 0
  m_IsActive: 1
--- !u!224 &224570207836431318
RectTransform:
  m_ObjectHideFlags: 0
  m_CorrespondingSourceObject: {fileID: 0}
  m_PrefabInstance: {fileID: 0}
  m_PrefabAsset: {fileID: 0}
  m_GameObject: {fileID: 1387007422539034}
  m_LocalRotation: {x: -0, y: -0, z: -0, w: 1}
  m_LocalPosition: {x: 0, y: 0, z: 0.000005}
  m_LocalScale: {x: 1, y: 1, z: 1}
  m_Children: []
  m_Father: {fileID: 224440324614003848}
  m_RootOrder: 3
  m_LocalEulerAnglesHint: {x: 0, y: 0, z: 0}
  m_AnchorMin: {x: 0.5, y: 0.5}
  m_AnchorMax: {x: 0.5, y: 0.5}
  m_AnchoredPosition: {x: 0, y: 0}
  m_SizeDelta: {x: 85, y: 85}
  m_Pivot: {x: 0.5, y: 0.5}
--- !u!114 &114475492295356086
MonoBehaviour:
  m_ObjectHideFlags: 0
  m_CorrespondingSourceObject: {fileID: 0}
  m_PrefabInstance: {fileID: 0}
  m_PrefabAsset: {fileID: 0}
  m_GameObject: {fileID: 1387007422539034}
  m_Enabled: 1
  m_EditorHideFlags: 0
  m_Script: {fileID: 11500000, guid: 59a9a98428d226e419fede1b7cdd5674, type: 3}
  m_Name: 
  m_EditorClassIdentifier: 
  initialDelay: 0
  frameLengthOverride: -1
  delayStart: 0
  destroyAtEnd: 0
  stayAtLastFrame: 0
  loopDelay: 0
  isPaused: 0
  minIndex: 8
  maxIndex: 11
  currentAnimation: 0
  group: 0
  freezeAlpha: 0
  _index: 0
--- !u!222 &222825373141070742
CanvasRenderer:
  m_ObjectHideFlags: 0
  m_CorrespondingSourceObject: {fileID: 0}
  m_PrefabInstance: {fileID: 0}
  m_PrefabAsset: {fileID: 0}
  m_GameObject: {fileID: 1387007422539034}
  m_CullTransparentMesh: 0
--- !u!114 &114794355483754010
MonoBehaviour:
  m_ObjectHideFlags: 0
  m_CorrespondingSourceObject: {fileID: 0}
  m_PrefabInstance: {fileID: 0}
  m_PrefabAsset: {fileID: 0}
  m_GameObject: {fileID: 1387007422539034}
  m_Enabled: 1
  m_EditorHideFlags: 0
  m_Script: {fileID: 11500000, guid: fe87c0e1cc204ed48ad3b37840f39efc, type: 3}
  m_Name: 
  m_EditorClassIdentifier: 
  m_Material: {fileID: 2100000, guid: b5d3318ec2b8d8c48806f6c2722ae632, type: 2}
  m_Color: {r: 1, g: 1, b: 1, a: 1}
  m_RaycastTarget: 1
  m_Maskable: 1
  m_OnCullStateChanged:
    m_PersistentCalls:
      m_Calls: []
  m_Sprite: {fileID: 21300000, guid: 6e7e96a24986f1d4c9dff338ac229b07, type: 3}
  m_Type: 0
  m_PreserveAspect: 0
  m_FillCenter: 1
  m_FillMethod: 4
  m_FillAmount: 1
  m_FillClockwise: 1
  m_FillOrigin: 0
  m_UseSpriteMesh: 0
  m_PixelsPerUnitMultiplier: 1
--- !u!114 &114773550001129160
MonoBehaviour:
  m_ObjectHideFlags: 0
  m_CorrespondingSourceObject: {fileID: 0}
  m_PrefabInstance: {fileID: 0}
  m_PrefabAsset: {fileID: 0}
  m_GameObject: {fileID: 1387007422539034}
  m_Enabled: 1
  m_EditorHideFlags: 0
  m_Script: {fileID: 11500000, guid: ec16d7de84d12ea40a6509bac50ab952, type: 3}
  m_Name: 
  m_EditorClassIdentifier: 
  textureSwappedEvent:
    m_PersistentCalls:
      m_Calls: []
--- !u!114 &8233026036005143714
MonoBehaviour:
  m_ObjectHideFlags: 0
  m_CorrespondingSourceObject: {fileID: 0}
  m_PrefabInstance: {fileID: 0}
  m_PrefabAsset: {fileID: 0}
  m_GameObject: {fileID: 1387007422539034}
  m_Enabled: 1
  m_EditorHideFlags: 0
  m_Script: {fileID: 11500000, guid: b839a4fd7938f334ea1ab971883af132, type: 3}
  m_Name: 
  m_EditorClassIdentifier: 
  newTexture: {fileID: 0}
--- !u!1 &1595163308790486
GameObject:
  m_ObjectHideFlags: 0
  m_CorrespondingSourceObject: {fileID: 0}
  m_PrefabInstance: {fileID: 0}
  m_PrefabAsset: {fileID: 0}
  serializedVersion: 6
  m_Component:
  - component: {fileID: 224440324614003848}
  - component: {fileID: 114513257562858944}
  - component: {fileID: 114868678990119618}
  m_Layer: 5
  m_Name: Character Stack
  m_TagString: Untagged
  m_Icon: {fileID: 0}
  m_NavMeshLayer: 0
  m_StaticEditorFlags: 0
  m_IsActive: 1
--- !u!224 &224440324614003848
RectTransform:
  m_ObjectHideFlags: 0
  m_CorrespondingSourceObject: {fileID: 0}
  m_PrefabInstance: {fileID: 0}
  m_PrefabAsset: {fileID: 0}
  m_GameObject: {fileID: 1595163308790486}
  m_LocalRotation: {x: 0, y: 0, z: 0, w: 1}
  m_LocalPosition: {x: 0, y: 0, z: 0}
  m_LocalScale: {x: 2, y: 2, z: 1}
  m_Children:
  - {fileID: 224999102126114330}
  - {fileID: 224627319197755766}
  - {fileID: 224297756492016570}
  - {fileID: 224570207836431318}
  - {fileID: 224885787228352908}
  - {fileID: 224307822905157910}
  - {fileID: 224826186676783652}
  - {fileID: 9171394241007897746}
  m_Father: {fileID: 0}
  m_RootOrder: 0
  m_LocalEulerAnglesHint: {x: 0, y: 0, z: 0}
  m_AnchorMin: {x: 0, y: 1}
  m_AnchorMax: {x: 0, y: 1}
  m_AnchoredPosition: {x: 170, y: -110}
  m_SizeDelta: {x: 85, y: 85}
  m_Pivot: {x: 0.5, y: 0.5}
--- !u!114 &114513257562858944
MonoBehaviour:
  m_ObjectHideFlags: 0
  m_CorrespondingSourceObject: {fileID: 0}
  m_PrefabInstance: {fileID: 0}
  m_PrefabAsset: {fileID: 0}
  m_GameObject: {fileID: 1595163308790486}
  m_Enabled: 1
  m_EditorHideFlags: 0
  m_Script: {fileID: 11500000, guid: 9d2ae20b1f6652f4aa475747c56c75f8, type: 3}
  m_Name: 
  m_EditorClassIdentifier: 
  hairBackLayer: {fileID: 114624045479363096}
  weaponBackLayer: {fileID: 114839367262172318}
  bodyLayer: {fileID: 114009821440906900}
  eyesLayer: {fileID: 114773550001129160}
  armorLayer: {fileID: 114340248713653998}
  hairFrontLayer: {fileID: 114436259453003648}
  weaponFrontLayer: {fileID: 114232934206826094}
  hatLayer: {fileID: 5213823468967323555}
  _direction: 5
  _setDirectionOnStart: 0
--- !u!114 &114868678990119618
MonoBehaviour:
  m_ObjectHideFlags: 0
  m_CorrespondingSourceObject: {fileID: 0}
  m_PrefabInstance: {fileID: 0}
  m_PrefabAsset: {fileID: 0}
  m_GameObject: {fileID: 1595163308790486}
  m_Enabled: 1
  m_EditorHideFlags: 0
  m_Script: {fileID: 11500000, guid: 306cc8c2b49d7114eaa3623786fc2126, type: 3}
  m_Name: 
  m_EditorClassIdentifier: 
  m_IgnoreLayout: 1
  m_MinWidth: -1
  m_MinHeight: -1
  m_PreferredWidth: -1
  m_PreferredHeight: -1
  m_FlexibleWidth: -1
  m_FlexibleHeight: -1
  m_LayoutPriority: 1
--- !u!1 &1747729444609852
GameObject:
  m_ObjectHideFlags: 0
  m_CorrespondingSourceObject: {fileID: 0}
  m_PrefabInstance: {fileID: 0}
  m_PrefabAsset: {fileID: 0}
  serializedVersion: 6
  m_Component:
  - component: {fileID: 224999102126114330}
  - component: {fileID: 114597584549771208}
  - component: {fileID: 222263845893125978}
  - component: {fileID: 114841069390760010}
  - component: {fileID: 114624045479363096}
  - component: {fileID: 7585942573223381374}
  m_Layer: 5
  m_Name: Hair Back
  m_TagString: Untagged
  m_Icon: {fileID: 0}
  m_NavMeshLayer: 0
  m_StaticEditorFlags: 0
  m_IsActive: 1
--- !u!224 &224999102126114330
RectTransform:
  m_ObjectHideFlags: 0
  m_CorrespondingSourceObject: {fileID: 0}
  m_PrefabInstance: {fileID: 0}
  m_PrefabAsset: {fileID: 0}
  m_GameObject: {fileID: 1747729444609852}
  m_LocalRotation: {x: 0, y: 0, z: 0, w: 1}
  m_LocalPosition: {x: 0, y: 0, z: 0.000008}
  m_LocalScale: {x: 1, y: 1, z: 1}
  m_Children: []
  m_Father: {fileID: 224440324614003848}
  m_RootOrder: 0
  m_LocalEulerAnglesHint: {x: 0, y: 0, z: 0}
  m_AnchorMin: {x: 0.5, y: 0.5}
  m_AnchorMax: {x: 0.5, y: 0.5}
  m_AnchoredPosition: {x: 0, y: 0}
  m_SizeDelta: {x: 85, y: 85}
  m_Pivot: {x: 0.5, y: 0.5}
--- !u!114 &114597584549771208
MonoBehaviour:
  m_ObjectHideFlags: 0
  m_CorrespondingSourceObject: {fileID: 0}
  m_PrefabInstance: {fileID: 0}
  m_PrefabAsset: {fileID: 0}
  m_GameObject: {fileID: 1747729444609852}
  m_Enabled: 1
  m_EditorHideFlags: 0
  m_Script: {fileID: 11500000, guid: 59a9a98428d226e419fede1b7cdd5674, type: 3}
  m_Name: 
  m_EditorClassIdentifier: 
  initialDelay: 0
  frameLengthOverride: -1
  delayStart: 0
  destroyAtEnd: 0
  stayAtLastFrame: 0
  loopDelay: 0
  isPaused: 0
  minIndex: 8
  maxIndex: 11
  currentAnimation: 0
  group: 0
  freezeAlpha: 0
  _index: 0
--- !u!222 &222263845893125978
CanvasRenderer:
  m_ObjectHideFlags: 0
  m_CorrespondingSourceObject: {fileID: 0}
  m_PrefabInstance: {fileID: 0}
  m_PrefabAsset: {fileID: 0}
  m_GameObject: {fileID: 1747729444609852}
  m_CullTransparentMesh: 0
--- !u!114 &114841069390760010
MonoBehaviour:
  m_ObjectHideFlags: 0
  m_CorrespondingSourceObject: {fileID: 0}
  m_PrefabInstance: {fileID: 0}
  m_PrefabAsset: {fileID: 0}
  m_GameObject: {fileID: 1747729444609852}
  m_Enabled: 1
  m_EditorHideFlags: 0
  m_Script: {fileID: 11500000, guid: fe87c0e1cc204ed48ad3b37840f39efc, type: 3}
  m_Name: 
  m_EditorClassIdentifier: 
  m_Material: {fileID: 2100000, guid: 4cdf4a1c8c9b19a4284b58e2cee63bbe, type: 2}
  m_Color: {r: 1, g: 1, b: 1, a: 1}
  m_RaycastTarget: 1
  m_Maskable: 1
  m_OnCullStateChanged:
    m_PersistentCalls:
      m_Calls: []
  m_Sprite: {fileID: 21300000, guid: 6e7e96a24986f1d4c9dff338ac229b07, type: 3}
  m_Type: 0
  m_PreserveAspect: 0
  m_FillCenter: 1
  m_FillMethod: 4
  m_FillAmount: 1
  m_FillClockwise: 1
  m_FillOrigin: 0
  m_UseSpriteMesh: 0
  m_PixelsPerUnitMultiplier: 1
--- !u!114 &114624045479363096
MonoBehaviour:
  m_ObjectHideFlags: 0
  m_CorrespondingSourceObject: {fileID: 0}
  m_PrefabInstance: {fileID: 0}
  m_PrefabAsset: {fileID: 0}
  m_GameObject: {fileID: 1747729444609852}
  m_Enabled: 1
  m_EditorHideFlags: 0
  m_Script: {fileID: 11500000, guid: c423c34b9b7bdc542b28f6638747660d, type: 3}
  m_Name: 
  m_EditorClassIdentifier: 
  textureSwappedEvent:
    m_PersistentCalls:
      m_Calls: []
  isFront: 0
  hatLayer: {fileID: 0}
--- !u!114 &7585942573223381374
MonoBehaviour:
  m_ObjectHideFlags: 0
  m_CorrespondingSourceObject: {fileID: 0}
  m_PrefabInstance: {fileID: 0}
  m_PrefabAsset: {fileID: 0}
  m_GameObject: {fileID: 1747729444609852}
  m_Enabled: 1
  m_EditorHideFlags: 0
  m_Script: {fileID: 11500000, guid: b839a4fd7938f334ea1ab971883af132, type: 3}
  m_Name: 
  m_EditorClassIdentifier: 
  newTexture: {fileID: 0}
--- !u!1 &1972971532560294
GameObject:
  m_ObjectHideFlags: 0
  m_CorrespondingSourceObject: {fileID: 0}
  m_PrefabInstance: {fileID: 0}
  m_PrefabAsset: {fileID: 0}
  serializedVersion: 6
  m_Component:
  - component: {fileID: 224297756492016570}
  - component: {fileID: 114402687395147452}
  - component: {fileID: 222084259865391892}
  - component: {fileID: 114544375575096634}
  - component: {fileID: 114009821440906900}
  - component: {fileID: 1210385044233971798}
  m_Layer: 5
  m_Name: Body
  m_TagString: Untagged
  m_Icon: {fileID: 0}
  m_NavMeshLayer: 0
  m_StaticEditorFlags: 0
  m_IsActive: 1
--- !u!224 &224297756492016570
RectTransform:
  m_ObjectHideFlags: 0
  m_CorrespondingSourceObject: {fileID: 0}
  m_PrefabInstance: {fileID: 0}
  m_PrefabAsset: {fileID: 0}
  m_GameObject: {fileID: 1972971532560294}
  m_LocalRotation: {x: -0, y: -0, z: -0, w: 1}
  m_LocalPosition: {x: 0, y: 0, z: 0.000006}
  m_LocalScale: {x: 1, y: 1, z: 1}
  m_Children: []
  m_Father: {fileID: 224440324614003848}
  m_RootOrder: 2
  m_LocalEulerAnglesHint: {x: 0, y: 0, z: 0}
  m_AnchorMin: {x: 0.5, y: 0.5}
  m_AnchorMax: {x: 0.5, y: 0.5}
  m_AnchoredPosition: {x: 0, y: 0}
  m_SizeDelta: {x: 85, y: 85}
  m_Pivot: {x: 0.5, y: 0.5}
--- !u!114 &114402687395147452
MonoBehaviour:
  m_ObjectHideFlags: 0
  m_CorrespondingSourceObject: {fileID: 0}
  m_PrefabInstance: {fileID: 0}
  m_PrefabAsset: {fileID: 0}
  m_GameObject: {fileID: 1972971532560294}
  m_Enabled: 1
  m_EditorHideFlags: 0
  m_Script: {fileID: 11500000, guid: 59a9a98428d226e419fede1b7cdd5674, type: 3}
  m_Name: 
  m_EditorClassIdentifier: 
  initialDelay: 0
  frameLengthOverride: -1
  delayStart: 0
  destroyAtEnd: 0
  stayAtLastFrame: 0
  loopDelay: 0
  isPaused: 0
  minIndex: 8
  maxIndex: 11
  currentAnimation: 0
  group: 0
  freezeAlpha: 0
  _index: 0
--- !u!222 &222084259865391892
CanvasRenderer:
  m_ObjectHideFlags: 0
  m_CorrespondingSourceObject: {fileID: 0}
  m_PrefabInstance: {fileID: 0}
  m_PrefabAsset: {fileID: 0}
  m_GameObject: {fileID: 1972971532560294}
  m_CullTransparentMesh: 0
--- !u!114 &114544375575096634
MonoBehaviour:
  m_ObjectHideFlags: 0
  m_CorrespondingSourceObject: {fileID: 0}
  m_PrefabInstance: {fileID: 0}
  m_PrefabAsset: {fileID: 0}
  m_GameObject: {fileID: 1972971532560294}
  m_Enabled: 1
  m_EditorHideFlags: 0
  m_Script: {fileID: 11500000, guid: fe87c0e1cc204ed48ad3b37840f39efc, type: 3}
  m_Name: 
  m_EditorClassIdentifier: 
  m_Material: {fileID: 2100000, guid: f0bc63ee33d8c674abb8b8aecd262337, type: 2}
  m_Color: {r: 1, g: 1, b: 1, a: 1}
  m_RaycastTarget: 1
  m_Maskable: 1
  m_OnCullStateChanged:
    m_PersistentCalls:
      m_Calls: []
  m_Sprite: {fileID: 21300000, guid: 6e7e96a24986f1d4c9dff338ac229b07, type: 3}
  m_Type: 0
  m_PreserveAspect: 0
  m_FillCenter: 1
  m_FillMethod: 4
  m_FillAmount: 1
  m_FillClockwise: 1
  m_FillOrigin: 0
  m_UseSpriteMesh: 0
  m_PixelsPerUnitMultiplier: 1
--- !u!114 &114009821440906900
MonoBehaviour:
  m_ObjectHideFlags: 0
  m_CorrespondingSourceObject: {fileID: 0}
  m_PrefabInstance: {fileID: 0}
  m_PrefabAsset: {fileID: 0}
  m_GameObject: {fileID: 1972971532560294}
  m_Enabled: 1
  m_EditorHideFlags: 0
  m_Script: {fileID: 11500000, guid: 2e131fe70c2398e41b5edce8b59c8019, type: 3}
  m_Name: 
  m_EditorClassIdentifier: 
  textureSwappedEvent:
    m_PersistentCalls:
      m_Calls: []
--- !u!114 &1210385044233971798
MonoBehaviour:
  m_ObjectHideFlags: 0
  m_CorrespondingSourceObject: {fileID: 0}
  m_PrefabInstance: {fileID: 0}
  m_PrefabAsset: {fileID: 0}
  m_GameObject: {fileID: 1972971532560294}
  m_Enabled: 1
  m_EditorHideFlags: 0
  m_Script: {fileID: 11500000, guid: b839a4fd7938f334ea1ab971883af132, type: 3}
  m_Name: 
  m_EditorClassIdentifier: 
  newTexture: {fileID: 0}
--- !u!1 &2856321267561758584
GameObject:
  m_ObjectHideFlags: 0
  m_CorrespondingSourceObject: {fileID: 0}
  m_PrefabInstance: {fileID: 0}
  m_PrefabAsset: {fileID: 0}
  serializedVersion: 6
  m_Component:
  - component: {fileID: 9171394241007897746}
  - component: {fileID: 7838273939937367233}
  - component: {fileID: 6276439440206856263}
  - component: {fileID: 7133176194487925878}
  - component: {fileID: 3171840631743534016}
  - component: {fileID: 5213823468967323555}
  m_Layer: 5
  m_Name: Hat
  m_TagString: Untagged
  m_Icon: {fileID: 0}
  m_NavMeshLayer: 0
  m_StaticEditorFlags: 0
  m_IsActive: 1
--- !u!224 &9171394241007897746
RectTransform:
  m_ObjectHideFlags: 0
  m_CorrespondingSourceObject: {fileID: 0}
  m_PrefabInstance: {fileID: 0}
  m_PrefabAsset: {fileID: 0}
  m_GameObject: {fileID: 2856321267561758584}
  m_LocalRotation: {x: -0, y: -0, z: -0, w: 1}
  m_LocalPosition: {x: 0, y: 0, z: 0.000003}
  m_LocalScale: {x: 1, y: 1, z: 1}
  m_Children: []
  m_Father: {fileID: 224440324614003848}
  m_RootOrder: 7
  m_LocalEulerAnglesHint: {x: 0, y: 0, z: 0}
  m_AnchorMin: {x: 0.5, y: 0.5}
  m_AnchorMax: {x: 0.5, y: 0.5}
  m_AnchoredPosition: {x: 0, y: 0}
  m_SizeDelta: {x: 85, y: 85}
  m_Pivot: {x: 0.5, y: 0.5}
--- !u!114 &7838273939937367233
MonoBehaviour:
  m_ObjectHideFlags: 0
  m_CorrespondingSourceObject: {fileID: 0}
  m_PrefabInstance: {fileID: 0}
  m_PrefabAsset: {fileID: 0}
  m_GameObject: {fileID: 2856321267561758584}
  m_Enabled: 1
  m_EditorHideFlags: 0
  m_Script: {fileID: 11500000, guid: 59a9a98428d226e419fede1b7cdd5674, type: 3}
  m_Name: 
  m_EditorClassIdentifier: 
  initialDelay: 0
  frameLengthOverride: -1
  delayStart: 0
  destroyAtEnd: 0
  stayAtLastFrame: 0
  loopDelay: 0
  isPaused: 0
  minIndex: 8
  maxIndex: 11
  currentAnimation: 0
  group: 0
  freezeAlpha: 0
  _index: 0
--- !u!222 &6276439440206856263
CanvasRenderer:
  m_ObjectHideFlags: 0
  m_CorrespondingSourceObject: {fileID: 0}
  m_PrefabInstance: {fileID: 0}
  m_PrefabAsset: {fileID: 0}
  m_GameObject: {fileID: 2856321267561758584}
  m_CullTransparentMesh: 0
--- !u!114 &7133176194487925878
MonoBehaviour:
  m_ObjectHideFlags: 0
  m_CorrespondingSourceObject: {fileID: 0}
  m_PrefabInstance: {fileID: 0}
  m_PrefabAsset: {fileID: 0}
  m_GameObject: {fileID: 2856321267561758584}
  m_Enabled: 1
  m_EditorHideFlags: 0
  m_Script: {fileID: 11500000, guid: fe87c0e1cc204ed48ad3b37840f39efc, type: 3}
  m_Name: 
  m_EditorClassIdentifier: 
  m_Material: {fileID: 2100000, guid: 4cdf4a1c8c9b19a4284b58e2cee63bbe, type: 2}
  m_Color: {r: 1, g: 1, b: 1, a: 1}
  m_RaycastTarget: 1
  m_Maskable: 1
  m_OnCullStateChanged:
    m_PersistentCalls:
      m_Calls: []
  m_Sprite: {fileID: 21300000, guid: bbb4cb08a2e7d9f46b4b0d93fbaa469b, type: 3}
  m_Type: 0
  m_PreserveAspect: 0
  m_FillCenter: 1
  m_FillMethod: 4
  m_FillAmount: 1
  m_FillClockwise: 1
  m_FillOrigin: 0
  m_UseSpriteMesh: 0
  m_PixelsPerUnitMultiplier: 1
--- !u!114 &3171840631743534016
MonoBehaviour:
  m_ObjectHideFlags: 0
  m_CorrespondingSourceObject: {fileID: 0}
  m_PrefabInstance: {fileID: 0}
  m_PrefabAsset: {fileID: 0}
  m_GameObject: {fileID: 2856321267561758584}
  m_Enabled: 1
  m_EditorHideFlags: 0
  m_Script: {fileID: 11500000, guid: b839a4fd7938f334ea1ab971883af132, type: 3}
  m_Name: 
  m_EditorClassIdentifier: 
  newTexture: {fileID: 0}
--- !u!114 &5213823468967323555
MonoBehaviour:
  m_ObjectHideFlags: 0
  m_CorrespondingSourceObject: {fileID: 0}
  m_PrefabInstance: {fileID: 0}
  m_PrefabAsset: {fileID: 0}
  m_GameObject: {fileID: 2856321267561758584}
  m_Enabled: 1
  m_EditorHideFlags: 0
  m_Script: {fileID: 11500000, guid: 58c51506c5b0e5b4eb1272587a156000, type: 3}
  m_Name: 
  m_EditorClassIdentifier: 
  textureSwappedEvent:
    m_PersistentCalls:
      m_Calls: []
  equipmentId: 0
