%YAML 1.1
%TAG !u! tag:unity3d.com,2011:
--- !u!1 &297017673245744020
GameObject:
  m_ObjectHideFlags: 0
  m_CorrespondingSourceObject: {fileID: 0}
  m_PrefabInstance: {fileID: 0}
  m_PrefabAsset: {fileID: 0}
  serializedVersion: 6
  m_Component:
  - component: {fileID: 294065413493582168}
  - component: {fileID: 499634719116241382}
  - component: {fileID: 342331109596205944}
  - component: {fileID: 399701943248819690}
  - component: {fileID: 5556886706555707655}
  - component: {fileID: 6899835943355591665}
  m_Layer: 15
  m_Name: Pub Sign
  m_TagString: Untagged
  m_Icon: {fileID: 0}
  m_NavMeshLayer: 0
  m_StaticEditorFlags: 0
  m_IsActive: 1
--- !u!4 &294065413493582168
Transform:
  m_ObjectHideFlags: 0
  m_CorrespondingSourceObject: {fileID: 0}
  m_PrefabInstance: {fileID: 0}
  m_PrefabAsset: {fileID: 0}
  m_GameObject: {fileID: 297017673245744020}
  m_LocalRotation: {x: 0, y: 0, z: 0, w: 1}
  m_LocalPosition: {x: 696.2524, y: 500.53467, z: -1}
  m_LocalScale: {x: 0.16, y: 0.16, z: 1}
  m_Children:
  - {fileID: 291407322731819636}
  - {fileID: 5755368705484150364}
  m_Father: {fileID: 0}
  m_RootOrder: 0
  m_LocalEulerAnglesHint: {x: 0, y: 0, z: 0}
--- !u!212 &499634719116241382
SpriteRenderer:
  m_ObjectHideFlags: 0
  m_CorrespondingSourceObject: {fileID: 0}
  m_PrefabInstance: {fileID: 0}
  m_PrefabAsset: {fileID: 0}
  m_GameObject: {fileID: 297017673245744020}
  m_Enabled: 1
  m_CastShadows: 0
  m_ReceiveShadows: 0
  m_DynamicOccludee: 1
  m_MotionVectors: 1
  m_LightProbeUsage: 1
  m_ReflectionProbeUsage: 1
  m_RayTracingMode: 0
  m_RenderingLayerMask: 4294967295
  m_RendererPriority: 0
  m_Materials:
  - {fileID: 10754, guid: 0000000000000000f000000000000000, type: 0}
  m_StaticBatchInfo:
    firstSubMesh: 0
    subMeshCount: 0
  m_StaticBatchRoot: {fileID: 0}
  m_ProbeAnchor: {fileID: 0}
  m_LightProbeVolumeOverride: {fileID: 0}
  m_ScaleInLightmap: 1
  m_ReceiveGI: 1
  m_PreserveUVs: 0
  m_IgnoreNormalsForChartDetection: 0
  m_ImportantGI: 0
  m_StitchLightmapSeams: 0
  m_SelectedEditorRenderState: 0
  m_MinimumChartSize: 4
  m_AutoUVMaxDistance: 0.5
  m_AutoUVMaxAngle: 89
  m_LightmapParameters: {fileID: 0}
  m_SortingLayerID: 0
  m_SortingLayer: 0
  m_SortingOrder: 0
  m_Sprite: {fileID: -2612003301696214334, guid: 20847479c992f5947ab53416641e75c2,
    type: 3}
  m_Color: {r: 1, g: 1, b: 1, a: 1}
  m_FlipX: 0
  m_FlipY: 0
  m_DrawMode: 0
  m_Size: {x: 2, y: 2.375}
  m_AdaptiveModeThreshold: 0.5
  m_SpriteTileMode: 0
  m_WasSpriteAssigned: 1
  m_MaskInteraction: 0
  m_SpriteSortPoint: 0
--- !u!61 &342331109596205944
BoxCollider2D:
  m_ObjectHideFlags: 0
  m_CorrespondingSourceObject: {fileID: 0}
  m_PrefabInstance: {fileID: 0}
  m_PrefabAsset: {fileID: 0}
  m_GameObject: {fileID: 297017673245744020}
  m_Enabled: 1
  m_Density: 1
  m_Material: {fileID: 0}
  m_IsTrigger: 0
  m_UsedByEffector: 0
  m_UsedByComposite: 0
  m_Offset: {x: 0, y: -0.9}
  m_SpriteTilingProperty:
    border: {x: 0, y: 0, z: 0, w: 0}
    pivot: {x: 0.5, y: 0.4}
    oldSize: {x: 2, y: 3}
    newSize: {x: 2, y: 2.375}
    adaptiveTilingThreshold: 0.5
    drawMode: 0
    adaptiveTiling: 0
  m_AutoTiling: 0
  serializedVersion: 2
  m_Size: {x: 2, y: 0.6}
  m_EdgeRadius: 0
--- !u!114 &399701943248819690
MonoBehaviour:
  m_ObjectHideFlags: 0
  m_CorrespondingSourceObject: {fileID: 0}
  m_PrefabInstance: {fileID: 0}
  m_PrefabAsset: {fileID: 0}
  m_GameObject: {fileID: 297017673245744020}
  m_Enabled: 1
  m_EditorHideFlags: 0
  m_Script: {fileID: 11500000, guid: 3e851007333b54a4190716c035b83695, type: 3}
  m_Name: 
  m_EditorClassIdentifier: 
  offsetZ: 0
  inheritedOffsetZ: 0
  isActive: 0
  sortPoint: {fileID: 297077096205058934}
--- !u!114 &5556886706555707655
MonoBehaviour:
  m_ObjectHideFlags: 0
  m_CorrespondingSourceObject: {fileID: 0}
  m_PrefabInstance: {fileID: 0}
  m_PrefabAsset: {fileID: 0}
  m_GameObject: {fileID: 297017673245744020}
  m_Enabled: 1
  m_EditorHideFlags: 0
  m_Script: {fileID: 11500000, guid: 97263249dbb00f4408910244944e4000, type: 3}
  m_Name: 
  m_EditorClassIdentifier: 
  includeChildren: 0
  currentBiome: 1
--- !u!114 &6899835943355591665
MonoBehaviour:
  m_ObjectHideFlags: 0
  m_CorrespondingSourceObject: {fileID: 0}
  m_PrefabInstance: {fileID: 0}
  m_PrefabAsset: {fileID: 0}
  m_GameObject: {fileID: 297017673245744020}
  m_Enabled: 1
  m_EditorHideFlags: 0
  m_Script: {fileID: 11500000, guid: f7cd224d2c022bf4d974e5e2d371c860, type: 3}
  m_Name: 
  m_EditorClassIdentifier: 
  toolTipMessage: Pub
  toolTipPanel: {fileID: 2606035788195426729}
  toolTipRect: {fileID: 7637476988160527490}
  toolTipText: {fileID: 2994868210536166220}
  maxDistanceForTooltip: 0.4
  pointerIsHovering: 0
--- !u!1 &297077096205058934
GameObject:
  m_ObjectHideFlags: 0
  m_CorrespondingSourceObject: {fileID: 0}
  m_PrefabInstance: {fileID: 0}
  m_PrefabAsset: {fileID: 0}
  serializedVersion: 6
  m_Component:
  - component: {fileID: 291407322731819636}
  m_Layer: 0
  m_Name: Sort Point
  m_TagString: Untagged
  m_Icon: {fileID: 0}
  m_NavMeshLayer: 0
  m_StaticEditorFlags: 0
  m_IsActive: 1
--- !u!4 &291407322731819636
Transform:
  m_ObjectHideFlags: 0
  m_CorrespondingSourceObject: {fileID: 0}
  m_PrefabInstance: {fileID: 0}
  m_PrefabAsset: {fileID: 0}
  m_GameObject: {fileID: 297077096205058934}
  m_LocalRotation: {x: 0, y: 0, z: 0, w: 1}
  m_LocalPosition: {x: 0, y: -0.9, z: 0}
  m_LocalScale: {x: 1, y: 1, z: 1}
  m_Children: []
  m_Father: {fileID: 294065413493582168}
  m_RootOrder: 0
  m_LocalEulerAnglesHint: {x: 0, y: 0, z: 0}
--- !u!1001 &130877115962606013
PrefabInstance:
  m_ObjectHideFlags: 0
  serializedVersion: 2
  m_Modification:
    m_TransformParent: {fileID: 294065413493582168}
    m_Modifications:
    - target: {fileID: 314232320366864193, guid: 855227c06fce79540bc93dde802e88aa,
        type: 3}
      propertyPath: m_Name
      value: SignTooltipCanvas
      objectReference: {fileID: 0}
    - target: {fileID: 1416352287536051007, guid: 855227c06fce79540bc93dde802e88aa,
        type: 3}
      propertyPath: m_AnchorMin.y
      value: 1
      objectReference: {fileID: 0}
    - target: {fileID: 1416352287536051007, guid: 855227c06fce79540bc93dde802e88aa,
        type: 3}
      propertyPath: m_AnchorMax.y
      value: 1
      objectReference: {fileID: 0}
    - target: {fileID: 1416352287536051007, guid: 855227c06fce79540bc93dde802e88aa,
        type: 3}
      propertyPath: m_AnchoredPosition.x
      value: 37.165
      objectReference: {fileID: 0}
    - target: {fileID: 1416352287536051007, guid: 855227c06fce79540bc93dde802e88aa,
        type: 3}
      propertyPath: m_AnchoredPosition.y
      value: -21.505001
      objectReference: {fileID: 0}
    - target: {fileID: 1416352287536051007, guid: 855227c06fce79540bc93dde802e88aa,
        type: 3}
      propertyPath: m_SizeDelta.x
      value: 50.33
      objectReference: {fileID: 0}
    - target: {fileID: 1416352287536051007, guid: 855227c06fce79540bc93dde802e88aa,
        type: 3}
      propertyPath: m_SizeDelta.y
      value: 19.01
      objectReference: {fileID: 0}
    - target: {fileID: 2736648942916349972, guid: 855227c06fce79540bc93dde802e88aa,
        type: 3}
      propertyPath: m_IsActive
      value: 0
      objectReference: {fileID: 0}
    - target: {fileID: 4298488186574710832, guid: 855227c06fce79540bc93dde802e88aa,
        type: 3}
      propertyPath: m_AnchorMin.y
      value: 1
      objectReference: {fileID: 0}
    - target: {fileID: 4298488186574710832, guid: 855227c06fce79540bc93dde802e88aa,
        type: 3}
      propertyPath: m_AnchorMax.y
      value: 1
      objectReference: {fileID: 0}
    - target: {fileID: 4298488186574710832, guid: 855227c06fce79540bc93dde802e88aa,
        type: 3}
      propertyPath: m_AnchoredPosition.x
      value: 75
      objectReference: {fileID: 0}
    - target: {fileID: 4298488186574710832, guid: 855227c06fce79540bc93dde802e88aa,
        type: 3}
      propertyPath: m_AnchoredPosition.y
      value: -21.505001
      objectReference: {fileID: 0}
    - target: {fileID: 4298488186574710832, guid: 855227c06fce79540bc93dde802e88aa,
        type: 3}
      propertyPath: m_SizeDelta.x
      value: 74.33
      objectReference: {fileID: 0}
    - target: {fileID: 4298488186574710832, guid: 855227c06fce79540bc93dde802e88aa,
        type: 3}
      propertyPath: m_SizeDelta.y
      value: 43.010002
      objectReference: {fileID: 0}
    - target: {fileID: 5624949012334745569, guid: 855227c06fce79540bc93dde802e88aa,
        type: 3}
      propertyPath: m_LocalPosition.x
      value: 0
      objectReference: {fileID: 0}
    - target: {fileID: 5624949012334745569, guid: 855227c06fce79540bc93dde802e88aa,
        type: 3}
      propertyPath: m_LocalPosition.y
      value: 0
      objectReference: {fileID: 0}
    - target: {fileID: 5624949012334745569, guid: 855227c06fce79540bc93dde802e88aa,
        type: 3}
      propertyPath: m_LocalPosition.z
      value: 0
      objectReference: {fileID: 0}
    - target: {fileID: 5624949012334745569, guid: 855227c06fce79540bc93dde802e88aa,
        type: 3}
      propertyPath: m_LocalRotation.x
      value: -0
      objectReference: {fileID: 0}
    - target: {fileID: 5624949012334745569, guid: 855227c06fce79540bc93dde802e88aa,
        type: 3}
      propertyPath: m_LocalRotation.y
      value: -0
      objectReference: {fileID: 0}
    - target: {fileID: 5624949012334745569, guid: 855227c06fce79540bc93dde802e88aa,
        type: 3}
      propertyPath: m_LocalRotation.z
      value: -0
      objectReference: {fileID: 0}
    - target: {fileID: 5624949012334745569, guid: 855227c06fce79540bc93dde802e88aa,
        type: 3}
      propertyPath: m_LocalRotation.w
      value: 1
      objectReference: {fileID: 0}
    - target: {fileID: 5624949012334745569, guid: 855227c06fce79540bc93dde802e88aa,
        type: 3}
      propertyPath: m_RootOrder
      value: 1
      objectReference: {fileID: 0}
    - target: {fileID: 5624949012334745569, guid: 855227c06fce79540bc93dde802e88aa,
        type: 3}
      propertyPath: m_LocalEulerAnglesHint.x
      value: 0
      objectReference: {fileID: 0}
    - target: {fileID: 5624949012334745569, guid: 855227c06fce79540bc93dde802e88aa,
        type: 3}
      propertyPath: m_LocalEulerAnglesHint.y
      value: 0
      objectReference: {fileID: 0}
    - target: {fileID: 5624949012334745569, guid: 855227c06fce79540bc93dde802e88aa,
        type: 3}
      propertyPath: m_LocalEulerAnglesHint.z
      value: 0
      objectReference: {fileID: 0}
    - target: {fileID: 5624949012334745569, guid: 855227c06fce79540bc93dde802e88aa,
        type: 3}
      propertyPath: m_AnchoredPosition.x
      value: 0
      objectReference: {fileID: 0}
    - target: {fileID: 5624949012334745569, guid: 855227c06fce79540bc93dde802e88aa,
        type: 3}
      propertyPath: m_AnchoredPosition.y
      value: 1.9
      objectReference: {fileID: 0}
    - target: {fileID: 5624949012334745569, guid: 855227c06fce79540bc93dde802e88aa,
        type: 3}
      propertyPath: m_SizeDelta.x
      value: 150
      objectReference: {fileID: 0}
    - target: {fileID: 5624949012334745569, guid: 855227c06fce79540bc93dde802e88aa,
        type: 3}
      propertyPath: m_SizeDelta.y
      value: 50
      objectReference: {fileID: 0}
    - target: {fileID: 5624949012334745569, guid: 855227c06fce79540bc93dde802e88aa,
        type: 3}
      propertyPath: m_AnchorMin.x
      value: 0
      objectReference: {fileID: 0}
    - target: {fileID: 5624949012334745569, guid: 855227c06fce79540bc93dde802e88aa,
        type: 3}
      propertyPath: m_AnchorMin.y
      value: 0
      objectReference: {fileID: 0}
    - target: {fileID: 5624949012334745569, guid: 855227c06fce79540bc93dde802e88aa,
        type: 3}
      propertyPath: m_AnchorMax.x
      value: 0
      objectReference: {fileID: 0}
    - target: {fileID: 5624949012334745569, guid: 855227c06fce79540bc93dde802e88aa,
        type: 3}
      propertyPath: m_AnchorMax.y
      value: 0
      objectReference: {fileID: 0}
    - target: {fileID: 5624949012334745569, guid: 855227c06fce79540bc93dde802e88aa,
        type: 3}
      propertyPath: m_Pivot.x
      value: 0.5
      objectReference: {fileID: 0}
    - target: {fileID: 5624949012334745569, guid: 855227c06fce79540bc93dde802e88aa,
        type: 3}
      propertyPath: m_Pivot.y
      value: 0.5
      objectReference: {fileID: 0}
    - target: {fileID: 5624949012334745569, guid: 855227c06fce79540bc93dde802e88aa,
        type: 3}
      propertyPath: m_LocalScale.x
      value: 0.03125
      objectReference: {fileID: 0}
    - target: {fileID: 5624949012334745569, guid: 855227c06fce79540bc93dde802e88aa,
        type: 3}
      propertyPath: m_LocalScale.y
      value: 0.03125
      objectReference: {fileID: 0}
    - target: {fileID: 5624949012334745569, guid: 855227c06fce79540bc93dde802e88aa,
        type: 3}
      propertyPath: m_LocalScale.z
      value: 0.03125
      objectReference: {fileID: 0}
    - target: {fileID: 5850566302495196675, guid: 855227c06fce79540bc93dde802e88aa,
        type: 3}
      propertyPath: m_Delegates.Array.data[0].callback.m_PersistentCalls.m_Calls.Array.data[0].m_Target
      value: 
      objectReference: {fileID: 6899835943355591665}
    - target: {fileID: 5850566302495196675, guid: 855227c06fce79540bc93dde802e88aa,
        type: 3}
      propertyPath: m_Delegates.Array.data[0].callback.m_PersistentCalls.m_Calls.Array.data[0].m_MethodName
      value: toggleToolTip
      objectReference: {fileID: 0}
    - target: {fileID: 5850566302495196675, guid: 855227c06fce79540bc93dde802e88aa,
        type: 3}
      propertyPath: m_Delegates.Array.data[1].callback.m_PersistentCalls.m_Calls.Array.data[0].m_Target
      value: 
      objectReference: {fileID: 6899835943355591665}
    - target: {fileID: 5850566302495196675, guid: 855227c06fce79540bc93dde802e88aa,
        type: 3}
      propertyPath: m_Delegates.Array.data[1].callback.m_PersistentCalls.m_Calls.Array.data[0].m_MethodName
      value: toggleToolTip
      objectReference: {fileID: 0}
    - target: {fileID: 7506723018713500991, guid: 855227c06fce79540bc93dde802e88aa,
        type: 3}
      propertyPath: m_SizeDelta.x
      value: 150
      objectReference: {fileID: 0}
    - target: {fileID: 7506723018713500991, guid: 855227c06fce79540bc93dde802e88aa,
        type: 3}
      propertyPath: m_SizeDelta.y
      value: 43.010002
      objectReference: {fileID: 0}
    - target: {fileID: 7768335729120200642, guid: 855227c06fce79540bc93dde802e88aa,
        type: 3}
      propertyPath: m_AnchoredPosition.x
      value: 0.0033789
      objectReference: {fileID: 0}
    - target: {fileID: 7768335729120200642, guid: 855227c06fce79540bc93dde802e88aa,
        type: 3}
      propertyPath: m_AnchoredPosition.y
      value: -62.6
      objectReference: {fileID: 0}
    - target: {fileID: 7768335729120200642, guid: 855227c06fce79540bc93dde802e88aa,
        type: 3}
      propertyPath: m_SizeDelta.x
      value: 63.47844
      objectReference: {fileID: 0}
    - target: {fileID: 7768335729120200642, guid: 855227c06fce79540bc93dde802e88aa,
        type: 3}
      propertyPath: m_SizeDelta.y
      value: 70.59135
      objectReference: {fileID: 0}
    m_RemovedComponents: []
  m_SourcePrefab: {fileID: 100100000, guid: 855227c06fce79540bc93dde802e88aa, type: 3}
--- !u!224 &5755368705484150364 stripped
RectTransform:
  m_CorrespondingSourceObject: {fileID: 5624949012334745569, guid: 855227c06fce79540bc93dde802e88aa,
    type: 3}
  m_PrefabInstance: {fileID: 130877115962606013}
  m_PrefabAsset: {fileID: 0}
--- !u!1 &2606035788195426729 stripped
GameObject:
  m_CorrespondingSourceObject: {fileID: 2736648942916349972, guid: 855227c06fce79540bc93dde802e88aa,
    type: 3}
  m_PrefabInstance: {fileID: 130877115962606013}
  m_PrefabAsset: {fileID: 0}
--- !u!224 &7637476988160527490 stripped
RectTransform:
  m_CorrespondingSourceObject: {fileID: 7506723018713500991, guid: 855227c06fce79540bc93dde802e88aa,
    type: 3}
  m_PrefabInstance: {fileID: 130877115962606013}
  m_PrefabAsset: {fileID: 0}
--- !u!114 &2994868210536166220 stripped
MonoBehaviour:
  m_CorrespondingSourceObject: {fileID: 2909062362196865777, guid: 855227c06fce79540bc93dde802e88aa,
    type: 3}
  m_PrefabInstance: {fileID: 130877115962606013}
  m_PrefabAsset: {fileID: 0}
  m_GameObject: {fileID: 0}
  m_Enabled: 1
  m_EditorHideFlags: 0
  m_Script: {fileID: 11500000, guid: f4688fdb7df04437aeb418b961361dc5, type: 3}
  m_Name: 
  m_EditorClassIdentifier: 
