%YAML 1.1
%TAG !u! tag:unity3d.com,2011:
--- !u!1 &3733484127373681939
GameObject:
  m_ObjectHideFlags: 0
  m_CorrespondingSourceObject: {fileID: 0}
  m_PrefabInstance: {fileID: 0}
  m_PrefabAsset: {fileID: 0}
  serializedVersion: 6
  m_Component:
  - component: {fileID: 5852625429918386902}
  m_Layer: 0
  m_Name: SpritesContainer
  m_TagString: Untagged
  m_Icon: {fileID: 0}
  m_NavMeshLayer: 0
  m_StaticEditorFlags: 0
  m_IsActive: 1
--- !u!4 &5852625429918386902
Transform:
  m_ObjectHideFlags: 0
  m_CorrespondingSourceObject: {fileID: 0}
  m_PrefabInstance: {fileID: 0}
  m_PrefabAsset: {fileID: 0}
  m_GameObject: {fileID: 3733484127373681939}
  m_LocalRotation: {x: 0, y: 0, z: 0, w: 1}
  m_LocalPosition: {x: 0, y: 0, z: 0}
  m_LocalScale: {x: 1, y: 1, z: 1}
  m_Children:
  - {fileID: 7765016751068787852}
  - {fileID: 2015317497550657238}
  - {fileID: 3860161831099459042}
  m_Father: {fileID: 895855537541247022}
  m_RootOrder: 0
  m_LocalEulerAnglesHint: {x: 0, y: 0, z: 0}
--- !u!1 &6545849741168636828
GameObject:
  m_ObjectHideFlags: 0
  m_CorrespondingSourceObject: {fileID: 0}
  m_PrefabInstance: {fileID: 0}
  m_PrefabAsset: {fileID: 0}
  serializedVersion: 6
  m_Component:
  - component: {fileID: 7765016751068787852}
  - component: {fileID: 4928518738824002093}
  - component: {fileID: 4286116766443767764}
  - component: {fileID: 8614612827204596953}
  m_Layer: 0
  m_Name: CaptureTargetSprite
  m_TagString: Untagged
  m_Icon: {fileID: 0}
  m_NavMeshLayer: 0
  m_StaticEditorFlags: 0
  m_IsActive: 1
--- !u!4 &7765016751068787852
Transform:
  m_ObjectHideFlags: 0
  m_CorrespondingSourceObject: {fileID: 0}
  m_PrefabInstance: {fileID: 0}
  m_PrefabAsset: {fileID: 0}
  m_GameObject: {fileID: 6545849741168636828}
  m_LocalRotation: {x: 0, y: 0, z: 0, w: 1}
  m_LocalPosition: {x: 0, y: 0, z: 0}
  m_LocalScale: {x: 1, y: 1, z: 1}
  m_Children: []
  m_Father: {fileID: 5852625429918386902}
  m_RootOrder: 0
  m_LocalEulerAnglesHint: {x: 0, y: 0, z: 0}
--- !u!212 &4928518738824002093
SpriteRenderer:
  m_ObjectHideFlags: 0
  m_CorrespondingSourceObject: {fileID: 0}
  m_PrefabInstance: {fileID: 0}
  m_PrefabAsset: {fileID: 0}
  m_GameObject: {fileID: 6545849741168636828}
  m_Enabled: 1
  m_CastShadows: 0
  m_ReceiveShadows: 0
  m_DynamicOccludee: 1
  m_MotionVectors: 1
  m_LightProbeUsage: 1
  m_ReflectionProbeUsage: 1
  m_RayTracingMode: 0
  m_RenderingLayerMask: 1
  m_RendererPriority: 0
  m_Materials:
  - {fileID: 10754, guid: 0000000000000000f000000000000000, type: 0}
  m_StaticBatchInfo:
    firstSubMesh: 0
    subMeshCount: 0
  m_StaticBatchRoot: {fileID: 0}
  m_ProbeAnchor: {fileID: 0}
  m_LightProbeVolumeOverride: {fileID: 0}
  m_ScaleInLightmap: 1
  m_ReceiveGI: 1
  m_PreserveUVs: 0
  m_IgnoreNormalsForChartDetection: 0
  m_ImportantGI: 0
  m_StitchLightmapSeams: 1
  m_SelectedEditorRenderState: 0
  m_MinimumChartSize: 4
  m_AutoUVMaxDistance: 0.5
  m_AutoUVMaxAngle: 89
  m_LightmapParameters: {fileID: 0}
  m_SortingLayerID: 0
  m_SortingLayer: 0
  m_SortingOrder: 0
  m_Sprite: {fileID: -6056653817672285207, guid: 3a43e4daf2cc29e4ebc1e64e1b4f308d,
    type: 3}
  m_Color: {r: 1, g: 1, b: 1, a: 1}
  m_FlipX: 0
  m_FlipY: 0
  m_DrawMode: 0
  m_Size: {x: 0.48, y: 0.32}
  m_AdaptiveModeThreshold: 0.5
  m_SpriteTileMode: 0
  m_WasSpriteAssigned: 1
  m_MaskInteraction: 0
  m_SpriteSortPoint: 0
--- !u!114 &4286116766443767764
MonoBehaviour:
  m_ObjectHideFlags: 0
  m_CorrespondingSourceObject: {fileID: 0}
  m_PrefabInstance: {fileID: 0}
  m_PrefabAsset: {fileID: 0}
  m_GameObject: {fileID: 6545849741168636828}
  m_Enabled: 1
  m_EditorHideFlags: 0
  m_Script: {fileID: 11500000, guid: 7d0e230e81a2f3148b6986fcb2c57e81, type: 3}
  m_Name: 
  m_EditorClassIdentifier: 
  outlineRenderer: {fileID: 0}
  _renderers: []
--- !u!114 &8614612827204596953
MonoBehaviour:
  m_ObjectHideFlags: 0
  m_CorrespondingSourceObject: {fileID: 0}
  m_PrefabInstance: {fileID: 0}
  m_PrefabAsset: {fileID: 0}
  m_GameObject: {fileID: 6545849741168636828}
  m_Enabled: 1
  m_EditorHideFlags: 0
  m_Script: {fileID: 11500000, guid: 59a9a98428d226e419fede1b7cdd5674, type: 3}
  m_Name: 
  m_EditorClassIdentifier: 
  initialDelay: 0
  frameLengthOverride: -1
  delayStart: 0
  destroyAtEnd: 0
  stayAtLastFrame: 0
  loopDelay: 0
  isPaused: 0
  minIndex: 0
  maxIndex: 1000
  currentAnimation: 0
  group: 0
  freezeAlpha: 1
  _index: 0
--- !u!1 &8357595577973017106
GameObject:
  m_ObjectHideFlags: 0
  m_CorrespondingSourceObject: {fileID: 0}
  m_PrefabInstance: {fileID: 0}
  m_PrefabAsset: {fileID: 0}
  serializedVersion: 6
  m_Component:
  - component: {fileID: 895855537541247022}
  - component: {fileID: 2343985523881187206}
  - component: {fileID: 9196149664378619958}
  - component: {fileID: 4768824138590369832}
  - component: {fileID: 4513950681528300583}
  - component: {fileID: 2014113206260498324}
  - component: {fileID: 903112814530882755}
  m_Layer: 0
  m_Name: PvpCaptureTarget
  m_TagString: Untagged
  m_Icon: {fileID: 0}
  m_NavMeshLayer: 0
  m_StaticEditorFlags: 0
  m_IsActive: 1
--- !u!4 &895855537541247022
Transform:
  m_ObjectHideFlags: 0
  m_CorrespondingSourceObject: {fileID: 0}
  m_PrefabInstance: {fileID: 0}
  m_PrefabAsset: {fileID: 0}
  m_GameObject: {fileID: 8357595577973017106}
  m_LocalRotation: {x: 0, y: 0, z: 0, w: 1}
  m_LocalPosition: {x: 0, y: 0, z: 0}
  m_LocalScale: {x: 1, y: 1, z: 1}
  m_Children:
  - {fileID: 5852625429918386902}
  m_Father: {fileID: 0}
  m_RootOrder: 0
  m_LocalEulerAnglesHint: {x: 0, y: 0, z: 0}
--- !u!114 &2343985523881187206
MonoBehaviour:
  m_ObjectHideFlags: 0
  m_CorrespondingSourceObject: {fileID: 0}
  m_PrefabInstance: {fileID: 0}
  m_PrefabAsset: {fileID: 0}
  m_GameObject: {fileID: 8357595577973017106}
  m_Enabled: 1
  m_EditorHideFlags: 0
  m_Script: {fileID: 11500000, guid: 9b91ecbcc199f4492b9a91e820070131, type: 3}
  m_Name: 
  m_EditorClassIdentifier: 
  sceneId: 0
  serverOnly: 0
  m_AssetId: 
  hasSpawned: 0
--- !u!114 &9196149664378619958
MonoBehaviour:
  m_ObjectHideFlags: 0
  m_CorrespondingSourceObject: {fileID: 0}
  m_PrefabInstance: {fileID: 0}
  m_PrefabAsset: {fileID: 0}
  m_GameObject: {fileID: 8357595577973017106}
  m_Enabled: 1
  m_EditorHideFlags: 0
  m_Script: {fileID: 11500000, guid: 82763d48c1dca1e40b41ccc9a0abc134, type: 3}
  m_Name: 
  m_EditorClassIdentifier: 
  syncMode: 0
  syncInterval: 0.1
  accountId: 0
  steamId: 
  userId: 0
  instanceId: 0
  areaKey: 
  isInvisible: 0
  entityName: 
  currentHealth: 1000
  maxHealth: 1000
  XP: 0
  desiredAngle: 0
  isStealthMuted: 0
  gender: 1
  bodyType: 0
  eyesType: 0
  hairType: 0
  eyesPalettes: 
  hairPalettes: 
  netIdent: {fileID: 0}
  rpc: {fileID: 0}
  cropManager: {fileID: 0}
  admin: {fileID: 0}
  groundChecker: {fileID: 0}
  waterChecker: {fileID: 0}
  nameText: {fileID: 0}
  nameTextOutline: {fileID: 0}
  sortPoint: {fileID: 0}
  shadow: {fileID: 0}
  statusEffectContainer: {fileID: 0}
  entityNameGO: {fileID: 0}
  facing: 3
  isSinglePlayer: 0
  hasDiagonals: 0
  fallDirection: 0
  adminFlag: 0
  shipSpeedupFlag: 0
  battleId: 0
  voyageGroupId: -1
  isGhost: 0
  hasEnteredPvP: 0
  isNextBiomeUnlocked: 0
  customHouseBaseId: 0
  customFarmBaseId: 0
  isUnderExternalControl: 0
  lastNPCTalkTime: -30
  pvpTeam: 0
  faction: 0
  guildId: 0
  guildPermissions: 0
  guildRankPriority: 0
  guildIconBorder: 
  guildIconBackground: 
  guildIconSigil: 
  guildIconBackPalettes: 
  guildIconSigilPalettes: 
  guildIcon: {fileID: 0}
  isAboutToWarpOnServer: 0
  isAboutToWarpOnClient: 0
  interactingAnimation: 0
  isSpeedingUp: 0
  passedOnTemporaryControl: 0
  _ignoredAnimators: []
  _animators: []
  debugImageHolder: {fileID: 0}
  onScreenGUI: {fileID: 0}
  statTextDisplay: {fileID: 0}
  damage: 25
  isPvpAI: 0
  regenerateHealth: 0
  reloadDelay: 1.5
  attackCounter: 0
  localAttackCirclePrefab: {fileID: 0}
  defaultAttackCirclePrefab: {fileID: 0}
  leftSideTarget: {fileID: 0}
  rightSideTarget: {fileID: 0}
  invulnerable: 0
  projectileSpawnLocations: []
  colliderList: []
  currentImpactMagnitude: 0
  combatCollider: {fileID: 0}
  totalDamageDealt: 0
  currentSecondsPatrolingTerritory: 0
  initialPosition: {x: 0, y: 0, z: 0}
  distanceFromInitialPosition: 0
  aggroConeDegrees: 0
  aggroConeRadius: 0
  maxSecondsOnChasePath: 2
  attackingWaypointsRadius: 1
  secondsBetweenFindingPatrolRoutes: 5
  secondsBetweenFindingAttackRoutes: 0
  newWaypointsRadius: 10
  secondsPatrolingUntilChoosingNewTreasureSite: 30
  patrolingWaypointsRadius: 1
  spritesContainer: {fileID: 3733484127373681939}
  ripplesContainer: {fileID: 0}
  _currentPath: []
  _currentPathIndex: 0
  _isChasingEnemy: 0
  _currentSecondsBetweenAttackRoutes: 0
  _attackingWaypointState: 1
  _patrolingWaypointState: 1
  _currentAttacker: 0
  _currentSecondsBetweenPatrolRoutes: 0
  _currentSecondsPatroling: 0
  targetHolder: {fileID: 0}
  mainRenderer: {fileID: 4928518738824002093}
  spinningArrowRenderer: {fileID: 7259091431280510308}
  heldIconRenderer: {fileID: 2754929882850934527}
--- !u!114 &4768824138590369832
MonoBehaviour:
  m_ObjectHideFlags: 0
  m_CorrespondingSourceObject: {fileID: 0}
  m_PrefabInstance: {fileID: 0}
  m_PrefabAsset: {fileID: 0}
  m_GameObject: {fileID: 8357595577973017106}
  m_Enabled: 1
  m_EditorHideFlags: 0
  m_Script: {fileID: 11500000, guid: f7b30fc1a8890e042ae5319745cb2d13, type: 3}
  m_Name: 
  m_EditorClassIdentifier: 
  syncMode: 0
  syncInterval: 0.1
--- !u!58 &4513950681528300583
CircleCollider2D:
  m_ObjectHideFlags: 0
  m_CorrespondingSourceObject: {fileID: 0}
  m_PrefabInstance: {fileID: 0}
  m_PrefabAsset: {fileID: 0}
  m_GameObject: {fileID: 8357595577973017106}
  m_Enabled: 1
  m_Density: 1
  m_Material: {fileID: 0}
  m_IsTrigger: 1
  m_UsedByEffector: 0
  m_UsedByComposite: 0
  m_Offset: {x: 0, y: 0}
  serializedVersion: 2
  m_Radius: 0.25
--- !u!114 &2014113206260498324
MonoBehaviour:
  m_ObjectHideFlags: 0
  m_CorrespondingSourceObject: {fileID: 0}
  m_PrefabInstance: {fileID: 0}
  m_PrefabAsset: {fileID: 0}
  m_GameObject: {fileID: 8357595577973017106}
  m_Enabled: 1
  m_EditorHideFlags: 0
  m_Script: {fileID: 11500000, guid: 3e851007333b54a4190716c035b83695, type: 3}
  m_Name: 
  m_EditorClassIdentifier: 
  offsetZ: -0.05
  inheritedOffsetZ: 0
  isActive: 1
  sortPoint: {fileID: 0}
--- !u!50 &903112814530882755
Rigidbody2D:
  serializedVersion: 4
  m_ObjectHideFlags: 0
  m_CorrespondingSourceObject: {fileID: 0}
  m_PrefabInstance: {fileID: 0}
  m_PrefabAsset: {fileID: 0}
  m_GameObject: {fileID: 8357595577973017106}
  m_BodyType: 1
  m_Simulated: 1
  m_UseFullKinematicContacts: 0
  m_UseAutoMass: 0
  m_Mass: 1
  m_LinearDrag: 0
  m_AngularDrag: 0.05
  m_GravityScale: 1
  m_Material: {fileID: 0}
  m_Interpolate: 0
  m_SleepingMode: 1
  m_CollisionDetection: 1
  m_Constraints: 0
--- !u!1 &8616979068814591679
GameObject:
  m_ObjectHideFlags: 0
  m_CorrespondingSourceObject: {fileID: 0}
  m_PrefabInstance: {fileID: 0}
  m_PrefabAsset: {fileID: 0}
  serializedVersion: 6
  m_Component:
  - component: {fileID: 3860161831099459042}
  - component: {fileID: 7259091431280510308}
  - component: {fileID: 2183738788061925089}
  - component: {fileID: 540288925235352294}
  m_Layer: 0
  m_Name: SpinningArrowSprite
  m_TagString: Untagged
  m_Icon: {fileID: 0}
  m_NavMeshLayer: 0
  m_StaticEditorFlags: 0
  m_IsActive: 1
--- !u!4 &3860161831099459042
Transform:
  m_ObjectHideFlags: 0
  m_CorrespondingSourceObject: {fileID: 0}
  m_PrefabInstance: {fileID: 0}
  m_PrefabAsset: {fileID: 0}
  m_GameObject: {fileID: 8616979068814591679}
  m_LocalRotation: {x: 0, y: 0, z: 0, w: 1}
  m_LocalPosition: {x: 0, y: 0.22, z: 0}
  m_LocalScale: {x: 1, y: 1, z: 1}
  m_Children: []
  m_Father: {fileID: 5852625429918386902}
  m_RootOrder: 2
  m_LocalEulerAnglesHint: {x: 0, y: 0, z: 0}
--- !u!212 &7259091431280510308
SpriteRenderer:
  m_ObjectHideFlags: 0
  m_CorrespondingSourceObject: {fileID: 0}
  m_PrefabInstance: {fileID: 0}
  m_PrefabAsset: {fileID: 0}
  m_GameObject: {fileID: 8616979068814591679}
  m_Enabled: 1
  m_CastShadows: 0
  m_ReceiveShadows: 0
  m_DynamicOccludee: 1
  m_MotionVectors: 1
  m_LightProbeUsage: 1
  m_ReflectionProbeUsage: 1
  m_RayTracingMode: 0
  m_RenderingLayerMask: 1
  m_RendererPriority: 0
  m_Materials:
  - {fileID: 10754, guid: 0000000000000000f000000000000000, type: 0}
  m_StaticBatchInfo:
    firstSubMesh: 0
    subMeshCount: 0
  m_StaticBatchRoot: {fileID: 0}
  m_ProbeAnchor: {fileID: 0}
  m_LightProbeVolumeOverride: {fileID: 0}
  m_ScaleInLightmap: 1
  m_ReceiveGI: 1
  m_PreserveUVs: 0
  m_IgnoreNormalsForChartDetection: 0
  m_ImportantGI: 0
  m_StitchLightmapSeams: 1
  m_SelectedEditorRenderState: 0
  m_MinimumChartSize: 4
  m_AutoUVMaxDistance: 0.5
  m_AutoUVMaxAngle: 89
  m_LightmapParameters: {fileID: 0}
  m_SortingLayerID: 0
  m_SortingLayer: 0
  m_SortingOrder: 0
  m_Sprite: {fileID: 9121439021477201373, guid: a162c1e92197f704d9ff364dce2f3ce1,
    type: 3}
  m_Color: {r: 1, g: 1, b: 1, a: 1}
  m_FlipX: 0
  m_FlipY: 0
  m_DrawMode: 0
  m_Size: {x: 0.15, y: 0.12}
  m_AdaptiveModeThreshold: 0.5
  m_SpriteTileMode: 0
  m_WasSpriteAssigned: 1
  m_MaskInteraction: 0
  m_SpriteSortPoint: 0
--- !u!114 &2183738788061925089
MonoBehaviour:
  m_ObjectHideFlags: 0
  m_CorrespondingSourceObject: {fileID: 0}
  m_PrefabInstance: {fileID: 0}
  m_PrefabAsset: {fileID: 0}
  m_GameObject: {fileID: 8616979068814591679}
  m_Enabled: 1
  m_EditorHideFlags: 0
  m_Script: {fileID: 11500000, guid: 59a9a98428d226e419fede1b7cdd5674, type: 3}
  m_Name: 
  m_EditorClassIdentifier: 
  initialDelay: 0
  frameLengthOverride: -1
  delayStart: 0
  destroyAtEnd: 0
  stayAtLastFrame: 0
  loopDelay: 0
  isPaused: 0
  minIndex: 0
  maxIndex: 1000
  currentAnimation: 0
  group: 0
  freezeAlpha: 1
  _index: 0
--- !u!114 &540288925235352294
MonoBehaviour:
  m_ObjectHideFlags: 0
  m_CorrespondingSourceObject: {fileID: 0}
  m_PrefabInstance: {fileID: 0}
  m_PrefabAsset: {fileID: 0}
  m_GameObject: {fileID: 8616979068814591679}
  m_Enabled: 1
  m_EditorHideFlags: 0
  m_Script: {fileID: 11500000, guid: 3e851007333b54a4190716c035b83695, type: 3}
  m_Name: 
  m_EditorClassIdentifier: 
  offsetZ: -0.05
  inheritedOffsetZ: 0
  isActive: 0
  sortPoint: {fileID: 0}
--- !u!1 &9140318349603800444
GameObject:
  m_ObjectHideFlags: 0
  m_CorrespondingSourceObject: {fileID: 0}
  m_PrefabInstance: {fileID: 0}
  m_PrefabAsset: {fileID: 0}
  serializedVersion: 6
  m_Component:
  - component: {fileID: 2015317497550657238}
  - component: {fileID: 2754929882850934527}
  m_Layer: 0
  m_Name: HeldIconSprite
  m_TagString: Untagged
  m_Icon: {fileID: 0}
  m_NavMeshLayer: 0
  m_StaticEditorFlags: 0
  m_IsActive: 1
--- !u!4 &2015317497550657238
Transform:
  m_ObjectHideFlags: 0
  m_CorrespondingSourceObject: {fileID: 0}
  m_PrefabInstance: {fileID: 0}
  m_PrefabAsset: {fileID: 0}
  m_GameObject: {fileID: 9140318349603800444}
  m_LocalRotation: {x: 0, y: 0, z: 0, w: 1}
  m_LocalPosition: {x: 0, y: -0.2, z: 0}
  m_LocalScale: {x: 1, y: 1, z: 1}
  m_Children: []
  m_Father: {fileID: 5852625429918386902}
  m_RootOrder: 1
  m_LocalEulerAnglesHint: {x: 0, y: 0, z: 0}
--- !u!212 &2754929882850934527
SpriteRenderer:
  m_ObjectHideFlags: 0
  m_CorrespondingSourceObject: {fileID: 0}
  m_PrefabInstance: {fileID: 0}
  m_PrefabAsset: {fileID: 0}
  m_GameObject: {fileID: 9140318349603800444}
  m_Enabled: 1
  m_CastShadows: 0
  m_ReceiveShadows: 0
  m_DynamicOccludee: 1
  m_MotionVectors: 1
  m_LightProbeUsage: 1
  m_ReflectionProbeUsage: 1
  m_RayTracingMode: 0
  m_RenderingLayerMask: 1
  m_RendererPriority: 0
  m_Materials:
  - {fileID: 10754, guid: 0000000000000000f000000000000000, type: 0}
  m_StaticBatchInfo:
    firstSubMesh: 0
    subMeshCount: 0
  m_StaticBatchRoot: {fileID: 0}
  m_ProbeAnchor: {fileID: 0}
  m_LightProbeVolumeOverride: {fileID: 0}
  m_ScaleInLightmap: 1
  m_ReceiveGI: 1
  m_PreserveUVs: 0
  m_IgnoreNormalsForChartDetection: 0
  m_ImportantGI: 0
  m_StitchLightmapSeams: 1
  m_SelectedEditorRenderState: 0
  m_MinimumChartSize: 4
  m_AutoUVMaxDistance: 0.5
  m_AutoUVMaxAngle: 89
  m_LightmapParameters: {fileID: 0}
  m_SortingLayerID: 0
  m_SortingLayer: 0
  m_SortingOrder: 0
  m_Sprite: {fileID: 21300000, guid: f03a042e9ba894a4fa9cd6957567477f, type: 3}
  m_Color: {r: 1, g: 1, b: 1, a: 0}
  m_FlipX: 0
  m_FlipY: 0
  m_DrawMode: 0
  m_Size: {x: 0.12, y: 0.12}
  m_AdaptiveModeThreshold: 0.5
  m_SpriteTileMode: 0
  m_WasSpriteAssigned: 1
  m_MaskInteraction: 0
  m_SpriteSortPoint: 0
